<?xml version="1.0" encoding="UTF-8"?>
<!DOCTYPE html PUBLIC "-//W3C//DTD XHTML 1.0 Transitional//EN"
    "http://www.w3.org/TR/xhtml1/DTD/xhtml1-transitional.dtd">
<html xmlns="http://www.w3.org/1999/xhtml" xml:lang="en" lang="en">
 <head>
  <title>
</title>
<meta http-equiv="Content-Type" content="text/html;charset=utf-8" />
  <meta name='ocr-system' content='tesseract 3.04.00' />
  <meta name='ocr-capabilities' content='ocr_page ocr_carea ocr_par ocr_line ocrx_word'/>
</head>
<body>
  <div class='ocr_page' id='page_1' title='image "./lexiconphilosop00unkngoog/lexiconphilosop00unkngoog_0119.png"; bbox 0 0 4585 5992; ppageno 0'>
   <div class='ocr_carea' id='block_1_1' title="bbox 1192 591 3330 700">
    <p class='ocr_par' dir='ltr' id='par_1_1' title="bbox 1192 591 3330 700">
     <span class='ocr_line' id='line_1_1' title="bbox 1192 591 3330 700; baseline 0.002 -26"><span class='ocrx_word' id='word_1_1' title='bbox 1192 592 2346 679; x_wconf 74' lang='lat' dir='ltr'><strong>&#39;PHILOSOPHICUM</strong></span> <span class='ocrx_word' id='word_1_2' title='bbox 2444 591 2682 668; x_wconf 64' lang='lat' dir='ltr'>CAP]</span> <span class='ocrx_word' id='word_1_3' title='bbox 2753 595 2904 672; x_wconf 74' lang='lat' dir='ltr'>tx.</span> <span class='ocrx_word' id='word_1_4' title='bbox 3183 612 3330 700; x_wconf 50' lang='lat' dir='ltr'>roff</span> 
     </span>
    </p>
   </div>
   <div class='ocr_carea' id='block_1_2' title="bbox 554 706 3372 4378">
    <p class='ocr_par' dir='ltr' id='par_1_2' title="bbox 554 706 3372 4378">
     <span class='ocr_line' id='line_1_2' title="bbox 671 706 3321 813; baseline 0.005 -34"><span class='ocrx_word' id='word_1_5' title='bbox 671 727 819 782; x_wconf 85' lang='lat' dir='ltr'>rent</span> <span class='ocrx_word' id='word_1_6' title='bbox 862 709 1205 809; x_wconf 85' lang='lat' dir='ltr'>ejusmodi</span> <span class='ocrx_word' id='word_1_7' title='bbox 1238 776 1264 811; x_wconf 82' lang='lat'>‚</span> <span class='ocrx_word' id='word_1_8' title='bbox 1329 741 1407 794; x_wconf 90' lang='lat' dir='ltr'>ut</span> <span class='ocrx_word' id='word_1_9' title='bbox 1483 720 1654 794; x_wconf 86' lang='lat' dir='ltr'>nihil</span> <span class='ocrx_word' id='word_1_10' title='bbox 1733 718 1921 795; x_wconf 86' lang='lat' dir='ltr'>fieret</span> <span class='ocrx_word' id='word_1_11' title='bbox 1957 767 1983 808; x_wconf 91' lang='lat'>,</span> <span class='ocrx_word' id='word_1_12' title='bbox 2071 712 2193 789; x_wconf 82' lang='lat' dir='ltr'>nifi</span> <span class='ocrx_word' id='word_1_13' title='bbox 2277 737 2416 813; x_wconf 84' lang='lat' dir='ltr'>prae</span> <span class='ocrx_word' id='word_1_14' title='bbox 2473 706 2747 785; x_wconf 86' lang='lat' dir='ltr'>reffione</span> <span class='ocrx_word' id='word_1_15' title='bbox 2795 715 3008 786; x_wconf 79' lang='lat' dir='ltr'>causae</span> <span class='ocrx_word' id='word_1_16' title='bbox 3048 716 3072 805; x_wconf 66' lang='grc' dir='ltr'><strong><em>ζ</em></strong></span> <span class='ocrx_word' id='word_1_17' title='bbox 3111 740 3321 791; x_wconf 90' lang='lat' dir='ltr'>-con-</span> 
     </span>
     <span class='ocr_line' id='line_1_3' title="bbox 675 803 3325 911; baseline 0.005 -36"><span class='ocrx_word' id='word_1_18' title='bbox 675 803 1010 882; x_wconf 79' lang='lat' dir='ltr'>fitendum</span> <span class='ocrx_word' id='word_1_19' title='bbox 1072 812 1392 889; x_wconf 55' lang='lat' dir='ltr'>esseffato</span> <span class='ocrx_word' id='word_1_20' title='bbox 1451 815 1600 890; x_wconf 87' lang='lat' dir='ltr'>fieri</span> <span class='ocrx_word' id='word_1_21' title='bbox 1652 817 1898 891; x_wconf 85' lang='lat' dir='ltr'>omnia.</span> <span class='ocrx_word' id='word_1_22' title='bbox 1961 840 2049 889; x_wconf 84' lang='lat' dir='ltr'>ex</span> <span class='ocrx_word' id='word_1_23' title='bbox 2101 838 2244 911; x_wconf 92' lang='lat' dir='ltr'>quo</span> <span class='ocrx_word' id='word_1_24' title='bbox 2301 809 2495 909; x_wconf 79' lang='lat' dir='ltr'>facie</span> <span class='ocrx_word' id='word_1_25' title='bbox 2537 807 2883 880; x_wconf 59' lang='lat' dir='ltr'>intellectu</span> <span class='ocrx_word' id='word_1_26' title='bbox 2928 808 3023 880; x_wconf 88' lang='lat' dir='ltr'>est</span> <span class='ocrx_word' id='word_1_27' title='bbox 3063 866 3086 900; x_wconf 90' lang='lat'>,</span> <span class='ocrx_word' id='word_1_28' title='bbox 3153 810 3325 887; x_wconf 71' lang='lat' dir='ltr'>cum</span> 
     </span>
     <span class='ocr_line' id='line_1_4' title="bbox 672 901 3332 1010; baseline 0.004 -38"><span class='ocrx_word' id='word_1_29' title='bbox 672 901 979 1001; x_wconf 88' lang='lat' dir='ltr'>utrique,</span> <span class='ocrx_word' id='word_1_30' title='bbox 1025 908 1349 1008; x_wconf 60' lang='lat' dir='ltr'>patefacta</span> <span class='ocrx_word' id='word_1_31' title='bbox 1388 908 1589 1010; x_wconf 83' lang='lat' dir='ltr'>atque</span> <span class='ocrx_word' id='word_1_32' title='bbox 1626 913 1960 1009; x_wconf 58' lang='lat' dir='ltr'>explicata</span> <span class='ocrx_word' id='word_1_33' title='bbox 1996 906 2317 999; x_wconf 68' lang='lat' dir='ltr'>sententia</span> <span class='ocrx_word' id='word_1_34' title='bbox 2347 906 2501 999; x_wconf 61' lang='lat' dir='ltr'>sua,</span> <span class='ocrx_word' id='word_1_35' title='bbox 2548 904 2632 978; x_wconf 93' lang='lat' dir='ltr'>ad</span> <span class='ocrx_word' id='word_1_36' title='bbox 2687 905 3006 989; x_wconf 86' lang='lat' dir='ltr'>eumdem</span> <span class='ocrx_word' id='word_1_37' title='bbox 3057 907 3332 982; x_wconf 81' lang='lat' dir='ltr'>exitum&#39;</span> 
     </span>
     <span class='ocr_line' id='line_1_5' title="bbox 670 997 3331 1102; baseline 0.004 -33"><span class='ocrx_word' id='word_1_38' title='bbox 670 1001 945 1075; x_wconf 85' lang='lat' dir='ltr'>veniant</span> <span class='ocrx_word' id='word_1_39' title='bbox 964 1058 985 1090; x_wconf 89' lang='lat'>,</span> <span class='ocrx_word' id='word_1_40' title='bbox 1021 1006 1242 1079; x_wconf 87' lang='lat' dir='ltr'>verbis</span> <span class='ocrx_word' id='word_1_41' title='bbox 1263 1033 1374 1081; x_wconf 83' lang='lat' dir='ltr'>eos</span> <span class='ocrx_word' id='word_1_42' title='bbox 1390 1065 1413 1102; x_wconf 87' lang='lat'>‚</span> <span class='ocrx_word' id='word_1_43' title='bbox 1442 1025 1584 1081; x_wconf 86' lang='lat' dir='ltr'>non</span> <span class='ocrx_word' id='word_1_44' title='bbox 1616 1033 1690 1081; x_wconf 89' lang='lat' dir='ltr'>rc</span> <span class='ocrx_word' id='word_1_45' title='bbox 1720 1005 2043 1081; x_wconf 82' lang='lat' dir='ltr'>diffidere.</span> <span class='ocrx_word' id='word_1_46' title='bbox 2071 1001 2495 1102; x_wconf 77' lang='lat' dir='ltr'>omninoque</span> <span class='ocrx_word' id='word_1_47' title='bbox 2511 998 2674 1093; x_wconf 62' lang='lat' dir='ltr'>cum</span> <span class='ocrx_word' id='word_1_48' title='bbox 2693 1000 2840 1075; x_wconf 85' lang='lat' dir='ltr'>haec</span> <span class='ocrx_word' id='word_1_49' title='bbox 2862 997 2941 1074; x_wconf 85' lang='lat' dir='ltr'>fit</span> <span class='ocrx_word' id='word_1_50' title='bbox 2957 1001 3331 1096; x_wconf 50' lang='lat' dir='ltr'>distinctim</span> 
     </span>
     <span class='ocr_line' id='line_1_6' title="bbox 670 1092 3332 1202; baseline 0.004 -36"><span class='ocrx_word' id='word_1_51' title='bbox 670 1114 750 1166; x_wconf 89' lang='lat' dir='ltr'>ut</span> <span class='ocrx_word' id='word_1_52' title='bbox 780 1098 1183 1192; x_wconf 83' lang='lat' dir='ltr'>quibusdam</span> <span class='ocrx_word' id='word_1_53' title='bbox 1228 1103 1303 1176; x_wconf 87' lang='lat' dir='ltr'>in</span> <span class='ocrx_word' id='word_1_54' title='bbox 1333 1098 1530 1177; x_wconf 82' lang='lat' dir='ltr'>rebus</span> <span class='ocrx_word' id='word_1_55' title='bbox 1568 1103 1731 1179; x_wconf 71' lang='lat' dir='ltr'>vere</span> <span class='ocrx_word' id='word_1_56' title='bbox 1785 1103 1923 1177; x_wconf 89' lang='lat' dir='ltr'>dici</span> <span class='ocrx_word' id='word_1_57' title='bbox 1970 1092 2167 1202; x_wconf 82' lang='lat' dir='ltr'>poffit</span> <span class='ocrx_word' id='word_1_58' title='bbox 2208 1157 2233 1193; x_wconf 91' lang='lat'>‚</span> <span class='ocrx_word' id='word_1_59' title='bbox 2294 1096 2459 1173; x_wconf 72' lang='lat' dir='ltr'>cum</span> <span class='ocrx_word' id='word_1_60' title='bbox 2513 1093 2618 1171; x_wconf 80' lang='lat' dir='ltr'>hae</span> <span class='ocrx_word' id='word_1_61' title='bbox 2658 1098 2874 1172; x_wconf 83' lang='lat' dir='ltr'>causae</span> <span class='ocrx_word' id='word_1_62' title='bbox 2936 1101 3332 1198; x_wconf 62' lang='lat' dir='ltr'>antegresshe</span> 
     </span>
     <span class='ocr_line' id='line_1_7' title="bbox 669 1188 3372 1301; baseline 0.002 -37"><span class='ocrx_word' id='word_1_63' title='bbox 669 1188 835 1284; x_wconf 88' lang='lat' dir='ltr'>fint,</span> <span class='ocrx_word' id='word_1_64' title='bbox 884 1219 1024 1270; x_wconf 89' lang='lat' dir='ltr'>non</span> <span class='ocrx_word' id='word_1_65' title='bbox 1058 1194 1191 1272; x_wconf 89' lang='lat' dir='ltr'>esse</span> <span class='ocrx_word' id='word_1_66' title='bbox 1230 1198 1566 1276; x_wconf 69' lang='lat' dir='ltr'>innostra</span> <span class='ocrx_word' id='word_1_67' title='bbox 1602 1198 1967 1301; x_wconf 84' lang='lat' dir='ltr'>potestate,</span> <span class='ocrx_word' id='word_1_68' title='bbox 2016 1200 2183 1299; x_wconf 90' lang='lat' dir='ltr'>quin</span> <span class='ocrx_word' id='word_1_69' title='bbox 2205 1198 2322 1271; x_wconf 82' lang='lat' dir='ltr'>illa</span> <span class='ocrx_word' id='word_1_70' title='bbox 2354 1197 2661 1271; x_wconf 85' lang='lat' dir='ltr'>eveniant</span> <span class='ocrx_word' id='word_1_71' title='bbox 2694 1252 2716 1285; x_wconf 94' lang='lat'>‚</span> <span class='ocrx_word' id='word_1_72' title='bbox 2777 1220 3074 1294; x_wconf 88' lang='lat' dir='ltr'>quorum</span> <span class='ocrx_word' id='word_1_73' title='bbox 3108 1195 3334 1271; x_wconf 76' lang='lat' dir='ltr'>causae.</span> <span class='ocrx_word' id='word_1_74' title='bbox 3356 1262 3372 1269; x_wconf 89' lang='lat'>-</span> 
     </span>
     <span class='ocr_line' id='line_1_8' title="bbox 669 1283 3336 1388; baseline 0.003 -31"><span class='ocrx_word' id='word_1_75' title='bbox 669 1283 969 1379; x_wconf 78' lang='lat' dir='ltr'>fuerint3</span> <span class='ocrx_word' id='word_1_76' title='bbox 1020 1288 1424 1388; x_wconf 87' lang='lat' dir='ltr'>quibusdam</span> <span class='ocrx_word' id='word_1_77' title='bbox 1457 1316 1685 1369; x_wconf 87' lang='lat' dir='ltr'>autem</span> <span class='ocrx_word' id='word_1_78' title='bbox 1715 1298 1786 1369; x_wconf 90' lang='lat' dir='ltr'>in</span> <span class='ocrx_word' id='word_1_79' title='bbox 1823 1294 2062 1388; x_wconf 86' lang='lat' dir='ltr'>rebus,</span> <span class='ocrx_word' id='word_1_80' title='bbox 2112 1292 2323 1370; x_wconf 71' lang='lat' dir='ltr'>causis</span> <span class='ocrx_word' id='word_1_81' title='bbox 2363 1315 2477 1369; x_wconf 88' lang='lat' dir='ltr'>ant</span> <span class='ocrx_word' id='word_1_82' title='bbox 2569 1289 2742 1367; x_wconf 85' lang='lat' dir='ltr'>resfis</span> <span class='ocrx_word' id='word_1_83' title='bbox 2779 1347 2798 1377; x_wconf 91' lang='lat'><em>,</em></span> <span class='ocrx_word' id='word_1_84' title='bbox 2848 1290 2919 1363; x_wconf 90' lang='lat' dir='ltr'>in</span> <span class='ocrx_word' id='word_1_85' title='bbox 2963 1290 3191 1366; x_wconf 69' lang='lat' dir='ltr'>nostra</span> <span class='ocrx_word' id='word_1_86' title='bbox 3229 1298 3336 1366; x_wconf 81' lang='lat' dir='ltr'>ta-&#39;</span> 
     </span>
     <span class='ocr_line' id='line_1_9' title="bbox 670 1383 3332 1488; baseline 0.004 -34"><span class='ocrx_word' id='word_1_87' title='bbox 670 1407 832 1457; x_wconf 84' lang='lat' dir='ltr'>rnen</span> <span class='ocrx_word' id='word_1_88' title='bbox 862 1383 993 1457; x_wconf 81' lang='lat' dir='ltr'>esse</span> <span class='ocrx_word' id='word_1_89' title='bbox 1020 1388 1380 1485; x_wconf 84' lang='lat' dir='ltr'>potestate,</span> <span class='ocrx_word' id='word_1_90' title='bbox 1424 1411 1504 1465; x_wconf 92' lang='lat' dir='ltr'>ut</span> <span class='ocrx_word' id='word_1_91' title='bbox 1552 1390 1727 1465; x_wconf 84' lang='lat' dir='ltr'>illud</span> <span class='ocrx_word' id='word_1_92' title='bbox 1752 1392 1943 1467; x_wconf 86' lang='lat' dir='ltr'>aliter</span> <span class='ocrx_word' id='word_1_93' title='bbox 1968 1392 2268 1479; x_wconf 81' lang='lat' dir='ltr'>eveniat3</span> <span class='ocrx_word' id='word_1_94' title='bbox 2303 1386 2489 1464; x_wconf 60' lang='lat' dir='ltr'>&#39;hanc</span> <span class='ocrx_word' id='word_1_95' title='bbox 2566 1387 3020 1463; x_wconf 73' lang='lat' dir='ltr'>istinffionem</span> <span class='ocrx_word' id='word_1_96' title='bbox 3053 1391 3332 1488; x_wconf 80' lang='lat' dir='ltr'>utrique</span> 
     </span>
     <span class='ocr_line' id='line_1_10' title="bbox 673 1477 3328 1585; baseline 0.006 -37"><span class='ocrx_word' id='word_1_97' title='bbox 673 1477 1086 1575; x_wconf 84' lang='lat' dir='ltr'>approbant:</span> <span class='ocrx_word' id='word_1_98' title='bbox 1127 1477 1241 1557; x_wconf 91' lang='lat' dir='ltr'>sed</span> <span class='ocrx_word' id='word_1_99' title='bbox 1279 1480 1466 1559; x_wconf 80' lang='lat' dir='ltr'>alteri</span> <span class='ocrx_word' id='word_1_100' title='bbox 1483 1484 1791 1578; x_wconf 88' lang='lat' dir='ltr'>censent,</span> <span class='ocrx_word' id='word_1_101' title='bbox 1822 1489 2071 1585; x_wconf 88' lang='lat' dir='ltr'>quibus</span> <span class='ocrx_word' id='word_1_102' title='bbox 2106 1489 2179 1562; x_wconf 90' lang='lat' dir='ltr'>in</span> <span class='ocrx_word' id='word_1_103' title='bbox 2213 1486 2414 1562; x_wconf 87' lang='lat' dir='ltr'>rebus</span> <span class='ocrx_word' id='word_1_104' title='bbox 2428 1484 2590 1560; x_wconf 73' lang='lat' dir='ltr'>cum</span> <span class='ocrx_word' id='word_1_105' title='bbox 2629 1484 2842 1560; x_wconf 82' lang='lat' dir='ltr'>causae</span> <span class='ocrx_word' id='word_1_106' title='bbox 2863 1488 3328 1563; x_wconf 71' lang='lat' dir='ltr'>antecess&#39;erin‘t</span> 
     </span>
     <span class='ocr_line' id='line_1_11' title="bbox 678 1572 3324 1680; baseline 0.004 -35"><span class='ocrx_word' id='word_1_107' title='bbox 678 1572 805 1665; x_wconf 90' lang='lat' dir='ltr'>ita,</span> <span class='ocrx_word' id='word_1_108' title='bbox 833 1595 912 1649; x_wconf 89' lang='lat' dir='ltr'>ut</span> <span class='ocrx_word' id='word_1_109' title='bbox 946 1601 1085 1652; x_wconf 89' lang='lat' dir='ltr'>non</span> <span class='ocrx_word' id='word_1_110' title='bbox 1118 1575 1197 1652; x_wconf 86' lang='lat' dir='ltr'>fit</span> <span class='ocrx_word' id='word_1_111' title='bbox 1223 1580 1294 1655; x_wconf 90' lang='lat' dir='ltr'>in</span> <span class='ocrx_word' id='word_1_112' title='bbox 1330 1580 1558 1655; x_wconf 61' lang='lat' dir='ltr'>nostra</span> <span class='ocrx_word' id='word_1_113' title='bbox 1580 1581 1938 1680; x_wconf 82' lang='lat' dir='ltr'>potestate,</span> <span class='ocrx_word' id='word_1_114' title='bbox 1976 1606 2054 1659; x_wconf 91' lang='lat' dir='ltr'>ut</span> <span class='ocrx_word' id='word_1_115' title='bbox 2085 1584 2269 1657; x_wconf 81' lang='lat' dir='ltr'>alite&#39;r</span> <span class='ocrx_word' id='word_1_116' title='bbox 2284 1579 2399 1656; x_wconf 83' lang='lat' dir='ltr'>ssla</span> <span class='ocrx_word' id='word_1_117' title='bbox 2418 1575 2730 1656; x_wconf 67' lang='lat' dir='ltr'>eveniant</span> <span class='ocrx_word' id='word_1_118' title='bbox 2749 1639 2772 1673; x_wconf 89' lang='lat'><strong>‚</strong></span> <span class='ocrx_word' id='word_1_119' title='bbox 2804 1583 2949 1655; x_wconf 88' lang='lat' dir='ltr'>illas</span> <span class='ocrx_word' id='word_1_120' title='bbox 2973 1582 3275 1659; x_wconf 76' lang='lat' dir='ltr'>fatofieri</span> <span class='ocrx_word' id='word_1_121' title='bbox 3304 1608 3324 1656; x_wconf 72' lang='grc' dir='ltr'><strong><em>ε</em></strong></span> 
     </span>
     <span class='ocr_line' id='line_1_12' title="bbox 554 1676 3332 1845; baseline 0.01 -107"><span class='ocrx_word' id='word_1_122' title='bbox 554 1710 557 1719; x_wconf 68' lang='lat'>=</span> <span class='ocrx_word' id='word_1_123' title='bbox 678 1694 1093 1843; x_wconf 55' lang='lat' dir='ltr'>quaessagutetg</span> <span class='ocrx_word' id='word_1_124' title='bbox 1128 1676 1460 1845; x_wconf 70' lang='lat' dir='ltr'>in6nostra</span> <span class='ocrx_word' id='word_1_125' title='bbox 1499 1677 1820 1775; x_wconf 88' lang='lat' dir='ltr'>potestate</span> <span class='ocrx_word' id='word_1_126' title='bbox 1855 1676 2025 1772; x_wconf 83' lang='lat' dir='ltr'>fint,</span> <span class='ocrx_word' id='word_1_127' title='bbox 2062 1679 2148 1763; x_wconf 83' lang='lat' dir='ltr'>ab</span> <span class='ocrx_word' id='word_1_128' title='bbox 2180 1678 2284 1750; x_wconf 87' lang='lat' dir='ltr'>his</span> <span class='ocrx_word' id='word_1_129' title='bbox 2320 1676 2536 1751; x_wconf 78' lang='lat' dir='ltr'>fatum</span> <span class='ocrx_word' id='word_1_130' title='bbox 2579 1677 2795 1751; x_wconf 84' lang='lat' dir='ltr'>abesse</span> <span class='ocrx_word' id='word_1_131' title='bbox 2829 1732 2857 1766; x_wconf 86' lang='lat'>,</span> <span class='ocrx_word' id='word_1_132' title='bbox 2898 1678 2972 1746; x_wconf 80' lang='lat' dir='ltr'>de</span> <span class='ocrx_word' id='word_1_133' title='bbox 3008 1686 3166 1750; x_wconf 80' lang='lat' dir='ltr'>Fato</span> <span class='ocrx_word' id='word_1_134' title='bbox 3212 1702 3332 1777; x_wconf 73' lang='lat'>390,</span> 
     </span>
     <span class='ocr_line' id='line_1_13' title="bbox 656 1784 2053 1844; baseline 0.009 -11"><span class='ocrx_word' id='word_1_135' title='bbox 656 1828 662 1833; x_wconf 87' lang='lat'>.</span> <span class='ocrx_word' id='word_1_136' title='bbox 724 1788 791 1835; x_wconf 88' lang='lat'>0.</span> <span class='ocrx_word' id='word_1_137' title='bbox 901 1791 960 1838; x_wconf 90' lang='lat' dir='ltr'>c.</span> <span class='ocrx_word' id='word_1_138' title='bbox 1004 1797 1042 1843; x_wconf 89' lang='lat' dir='ltr'>a</span> <span class='ocrx_word' id='word_1_139' title='bbox 1234 1826 1250 1844; x_wconf 91' lang='lat'>.</span> <span class='ocrx_word' id='word_1_140' title='bbox 1901 1784 1909 1793; x_wconf 82' lang='lat'>&#39;</span> <span class='ocrx_word' id='word_1_141' title='bbox 2044 1812 2053 1827; x_wconf 76' lang='lat'>=</span> 
     </span>
     <span class='ocr_line' id='line_1_14' title="bbox 674 1790 3336 1964; baseline 0.005 -30"><span class='ocrx_word' id='word_1_142' title='bbox 674 1790 723 1861; x_wconf 73' lang='lat'>4</span> <span class='ocrx_word' id='word_1_143' title='bbox 766 1862 989 1938; x_wconf 79' lang='lat' dir='ltr'>Causa</span> <span class='ocrx_word' id='word_1_144' title='bbox 1035 1872 1079 1963; x_wconf 90' lang='lat'><em>(</em></span> <span class='ocrx_word' id='word_1_145' title='bbox 1098 1794 1208 1937; x_wconf 47' lang='grc' dir='ltr'>εἶν</span> <span class='ocrx_word' id='word_1_146' title='bbox 1236 1869 1481 1964; x_wconf 85' lang='lat' dir='ltr'>aliquid</span> <span class='ocrx_word' id='word_1_147' title='bbox 1509 1872 1770 1942; x_wconf 84' lang='lat' dir='ltr'>velimus</span> <span class='ocrx_word' id='word_1_148' title='bbox 1808 1867 1849 1951; x_wconf 79' lang='lat'>5</span> <span class='ocrx_word' id='word_1_149' title='bbox 1890 1867 2313 1953; x_wconf 84' lang='lat' dir='ltr'>distribuitur</span> <span class='ocrx_word' id='word_1_150' title='bbox 2351 1869 2425 1941; x_wconf 90' lang='lat' dir='ltr'>in</span> <span class='ocrx_word' id='word_1_151' title='bbox 2463 1862 2874 1962; x_wconf 73' lang='lat' dir='ltr'><em>impulsionem</em></span> <span class='ocrx_word' id='word_1_152' title='bbox 2912 1873 2989 1946; x_wconf 83' lang='lat'>&amp;</span> <span class='ocrx_word' id='word_1_153' title='bbox 3026 1873 3099 1946; x_wconf 89' lang='lat' dir='ltr'>in</span> <span class='ocrx_word' id='word_1_154' title='bbox 3129 1874 3336 1949; x_wconf 63' lang='lat' dir='ltr'>ratio:</span> 
     </span>
     <span class='ocr_line' id='line_1_15' title="bbox 676 1958 3331 2061; baseline 0.005 -31"><span class='ocrx_word' id='word_1_155' title='bbox 676 1958 1104 2036; x_wconf 86' lang='lat' dir='ltr'>cinationem.</span> <span class='ocrx_word' id='word_1_156' title='bbox 1131 1968 1408 2060; x_wconf 55' lang='lat' dir='ltr'>impulsio</span> <span class='ocrx_word' id='word_1_157' title='bbox 1440 1963 1578 2057; x_wconf 86' lang='lat' dir='ltr'>est,</span> <span class='ocrx_word' id='word_1_158' title='bbox 1676 1984 1782 2037; x_wconf 85' lang='lat' dir='ltr'>uae</span> <span class='ocrx_word' id='word_1_159' title='bbox 1816 1964 1955 2037; x_wconf 84' lang='lat' dir='ltr'>fine</span> <span class='ocrx_word' id='word_1_160' title='bbox 1995 1965 2406 2060; x_wconf 81' lang='lat' dir='ltr'>cogitatione</span> <span class='ocrx_word' id='word_1_161' title='bbox 2459 1990 2582 2061; x_wconf 90' lang='lat' dir='ltr'>per</span> <span class='ocrx_word' id='word_1_162' title='bbox 2611 1967 2976 2060; x_wconf 84' lang='lat' dir='ltr'>quamdam</span> <span class='ocrx_word' id='word_1_163' title='bbox 3033 1968 3331 2044; x_wconf 72' lang='lat' dir='ltr'>affizffio-</span> 
     </span>
     <span class='ocr_line' id='line_1_16' title="bbox 658 2058 3286 2161; baseline 0.004 -35"><span class='ocrx_word' id='word_1_164' title='bbox 658 2080 831 2128; x_wconf 86' lang='lat' dir='ltr'>nem</span> <span class='ocrx_word' id='word_1_165' title='bbox 862 2058 1071 2133; x_wconf 87' lang='lat' dir='ltr'>animi</span> <span class='ocrx_word' id='word_1_166' title='bbox 1109 2058 1327 2135; x_wconf 87' lang='lat' dir='ltr'>facere</span> <span class='ocrx_word' id='word_1_167' title='bbox 1358 2062 1617 2159; x_wconf 87' lang='lat' dir='ltr'>aliquid</span> <span class='ocrx_word' id='word_1_168' title='bbox 1703 2081 1963 2135; x_wconf 86' lang='lat' dir='ltr'>ortatur</span> <span class='ocrx_word' id='word_1_169' title='bbox 1988 2116 2011 2150; x_wconf 91' lang='lat'>‚</span> <span class='ocrx_word' id='word_1_170' title='bbox 2072 2079 2152 2131; x_wconf 91' lang='lat' dir='ltr'>ut</span> <span class='ocrx_word' id='word_1_171' title='bbox 2180 2083 2374 2132; x_wconf 87' lang='lat' dir='ltr'>amor</span> <span class='ocrx_word' id='word_1_172' title='bbox 2415 2116 2437 2151; x_wconf 88' lang='lat'>‚</span> <span class='ocrx_word' id='word_1_173' title='bbox 2498 2059 2843 2132; x_wconf 80' lang='lat' dir='ltr'>iracundia</span> <span class='ocrx_word' id='word_1_174' title='bbox 2876 2117 2899 2151; x_wconf 91' lang='lat'>‚</span> <span class='ocrx_word' id='word_1_175' title='bbox 2948 2088 3009 2135; x_wconf 87' lang='lat' dir='ltr'>ae</span> <span class='ocrx_word' id='word_1_176' title='bbox 3061 2065 3286 2161; x_wconf 78' lang='lat' dir='ltr'>ritudo</span> 
     </span>
     <span class='ocr_line' id='line_1_17' title="bbox 679 2087 3335 2254; baseline 0.005 -32"><span class='ocrx_word' id='word_1_177' title='bbox 679 2152 1087 2247; x_wconf 83' lang='lat' dir='ltr'>vinolentia,</span> <span class='ocrx_word' id='word_1_178' title='bbox 1120 2158 1195 2229; x_wconf 71' lang='grc' dir='ltr'>δε</span> <span class='ocrx_word' id='word_1_179' title='bbox 1213 2156 1500 2245; x_wconf 77' lang='lat' dir='ltr'>omnino</span> <span class='ocrx_word' id='word_1_180' title='bbox 1529 2157 1797 2248; x_wconf 87' lang='lat' dir='ltr'>omnia,</span> <span class='ocrx_word' id='word_1_181' title='bbox 1836 2157 1908 2230; x_wconf 87' lang='lat' dir='ltr'>in</span> <span class='ocrx_word' id='word_1_182' title='bbox 1931 2155 2182 2254; x_wconf 88' lang='lat' dir='ltr'>quibus</span> <span class='ocrx_word' id='word_1_183' title='bbox 2200 2156 2466 2229; x_wconf 88' lang='lat' dir='ltr'>animus</span> <span class='ocrx_word' id='word_1_184' title='bbox 2484 2154 2574 2227; x_wconf 89' lang='lat' dir='ltr'>ita</span> <span class='ocrx_word' id='word_1_185' title='bbox 2589 2153 2857 2229; x_wconf 88' lang='lat' dir='ltr'>videtur</span> <span class='ocrx_word' id='word_1_186' title='bbox 2875 2087 3153 2231; x_wconf 50' lang='lat' dir='ltr'>affegus</span> <span class='ocrx_word' id='word_1_187' title='bbox 3171 2122 3335 2234; x_wconf 62' lang='lat' dir='ltr'>fuid</span> 
     </span>
     <span class='ocr_line' id='line_1_18' title="bbox 682 2248 3332 2355; baseline 0.003 -35"><span class='ocrx_word' id='word_1_188' title='bbox 682 2248 744 2321; x_wconf 85' lang='lat' dir='ltr'>se</span> <span class='ocrx_word' id='word_1_189' title='bbox 767 2306 789 2349; x_wconf 70' lang='lat'>‚</span> <span class='ocrx_word' id='word_1_190' title='bbox 829 2270 909 2324; x_wconf 89' lang='lat' dir='ltr'>ut</span> <span class='ocrx_word' id='word_1_191' title='bbox 944 2277 1087 2326; x_wconf 87' lang='lat' dir='ltr'>rem</span> <span class='ocrx_word' id='word_1_192' title='bbox 1124 2255 1493 2353; x_wconf 81' lang='lat' dir='ltr'><strong>perspicere</strong></span> <span class='ocrx_word' id='word_1_193' title='bbox 1539 2262 1703 2330; x_wconf 64' lang='lat' dir='ltr'>cum‘</span> <span class='ocrx_word' id='word_1_194' title='bbox 1744 2252 2029 2328; x_wconf 82' lang='lat' dir='ltr'>confilio</span> <span class='ocrx_word' id='word_1_195' title='bbox 2073 2254 2149 2326; x_wconf 73' lang='grc' dir='ltr'>δε</span> <span class='ocrx_word' id='word_1_196' title='bbox 2191 2252 2361 2324; x_wconf 69' lang='lat' dir='ltr'>cura</span> <span class='ocrx_word' id='word_1_197' title='bbox 2394 2274 2535 2325; x_wconf 89' lang='lat' dir='ltr'>non</span> <span class='ocrx_word' id='word_1_198' title='bbox 2565 2253 2903 2348; x_wconf 81' lang='lat' dir='ltr'>potuerit3</span> <span class='ocrx_word' id='word_1_199' title='bbox 2941 2256 3017 2329; x_wconf 87' lang='lat'>&amp;</span> <span class='ocrx_word' id='word_1_200' title='bbox 3052 2255 3122 2328; x_wconf 86' lang='lat' dir='ltr'>id</span> <span class='ocrx_word' id='word_1_201' title='bbox 3139 2256 3332 2355; x_wconf 80' lang='lat' dir='ltr'>quod</span> 
     </span>
     <span class='ocr_line' id='line_1_19' title="bbox 683 2346 3333 2450; baseline 0.005 -33"><span class='ocrx_word' id='word_1_202' title='bbox 683 2346 885 2440; x_wconf 78' lang='lat' dir='ltr'>fecit,</span> <span class='ocrx_word' id='word_1_203' title='bbox 930 2350 1192 2448; x_wconf 81' lang='lat' dir='ltr'>impetu</span> <span class='ocrx_word' id='word_1_204' title='bbox 1244 2353 1544 2450; x_wconf 88' lang='lat' dir='ltr'>quodam</span> <span class='ocrx_word' id='word_1_205' title='bbox 1589 2350 1799 2425; x_wconf 88' lang='lat' dir='ltr'>animi</span> <span class='ocrx_word' id='word_1_206' title='bbox 1849 2347 2076 2448; x_wconf 71' lang='lat' dir='ltr'>potius</span> <span class='ocrx_word' id='word_1_207' title='bbox 2117 2406 2140 2441; x_wconf 94' lang='lat'>,</span> <span class='ocrx_word' id='word_1_208' title='bbox 2200 2348 2413 2447; x_wconf 70' lang='lat' dir='ltr'>quam</span> <span class='ocrx_word' id='word_1_209' title='bbox 2466 2348 2874 2449; x_wconf 78' lang='lat' dir='ltr'>cogitatione</span> <span class='ocrx_word' id='word_1_210' title='bbox 2911 2349 3169 2425; x_wconf 84' lang='lat' dir='ltr'>feccrit.</span> <span class='ocrx_word' id='word_1_211' title='bbox 3219 2377 3333 2431; x_wconf 74' lang='lat' dir='ltr'>ra-</span> 
     </span>
     <span class='ocr_line' id='line_1_20' title="bbox 684 2442 3336 2549; baseline 0.005 -39"><span class='ocrx_word' id='word_1_212' title='bbox 684 2442 995 2517; x_wconf 66' lang='lat' dir='ltr'>tiocinatio</span> <span class='ocrx_word' id='word_1_213' title='bbox 1036 2467 1296 2537; x_wconf 87' lang='lat' dir='ltr'>autem,</span> <span class='ocrx_word' id='word_1_214' title='bbox 1339 2450 1437 2521; x_wconf 85' lang='lat' dir='ltr'>est</span> <span class='ocrx_word' id='word_1_215' title='bbox 1475 2448 1762 2549; x_wconf 85' lang='lat' dir='ltr'>diligens</span> <span class='ocrx_word' id='word_1_216' title='bbox 1796 2448 1871 2520; x_wconf 76' lang='grc' dir='ltr'>ὅτ.</span> <span class='ocrx_word' id='word_1_217' title='bbox 1909 2443 2322 2521; x_wconf 84' lang='lat' dir='ltr'>confiderata</span> <span class='ocrx_word' id='word_1_218' title='bbox 2366 2443 2656 2518; x_wconf 88' lang='lat' dir='ltr'>faciendi</span> <span class='ocrx_word' id='word_1_219' title='bbox 2698 2444 2989 2543; x_wconf 62' lang='lat' dir='ltr'>aliquid,</span> <span class='ocrx_word' id='word_1_220' title='bbox 3034 2469 3152 2524; x_wconf 88' lang='lat' dir='ltr'>aut</span> <span class='ocrx_word' id='word_1_221' title='bbox 3192 2472 3336 2524; x_wconf 89' lang='lat' dir='ltr'>non</span> 
     </span>
     <span class='ocr_line' id='line_1_21' title="bbox 683 2539 3336 2642; baseline 0.003 -30"><span class='ocrx_word' id='word_1_222' title='bbox 683 2539 1006 2634; x_wconf 79' lang='lat' dir='ltr'>faciendi,</span> <span class='ocrx_word' id='word_1_223' title='bbox 1051 2545 1472 2642; x_wconf 68' lang='lat' dir='ltr'>excogitatio.</span> <span class='ocrx_word' id='word_1_224' title='bbox 1520 2569 1599 2618; x_wconf 83' lang='lat' dir='ltr'>ea</span> <span class='ocrx_word' id='word_1_225' title='bbox 1645 2546 1895 2618; x_wconf 89' lang='lat' dir='ltr'>dicitur</span> <span class='ocrx_word' id='word_1_226' title='bbox 1941 2563 2093 2616; x_wconf 90' lang='lat' dir='ltr'>tum</span> <span class='ocrx_word' id='word_1_227' title='bbox 2142 2539 2547 2631; x_wconf 81' lang='lat' dir='ltr'>interfuifl‘e,</span> <span class='ocrx_word' id='word_1_228' title='bbox 2595 2539 2756 2616; x_wconf 72' lang='lat' dir='ltr'>curn</span> <span class='ocrx_word' id='word_1_229' title='bbox 2794 2544 3049 2642; x_wconf 82' lang='lat' dir='ltr'>aliquid</span> <span class='ocrx_word' id='word_1_230' title='bbox 3085 2545 3336 2620; x_wconf 83' lang='lat' dir='ltr'>facien·-</span> 
     </span>
     <span class='ocr_line' id='line_1_22' title="bbox 689 2636 3340 2739; baseline 0.004 -30"><span class='ocrx_word' id='word_1_231' title='bbox 689 2636 896 2729; x_wconf 87' lang='lat' dir='ltr'>dum,</span> <span class='ocrx_word' id='word_1_232' title='bbox 939 2660 1054 2714; x_wconf 90' lang='lat' dir='ltr'>aut</span> <span class='ocrx_word' id='word_1_233' title='bbox 1094 2665 1234 2715; x_wconf 89' lang='lat' dir='ltr'>non</span> <span class='ocrx_word' id='word_1_234' title='bbox 1264 2639 1685 2733; x_wconf 87' lang='lat' dir='ltr'>faciendum,</span> <span class='ocrx_word' id='word_1_235' title='bbox 1715 2641 1897 2715; x_wconf 66' lang='lat' dir='ltr'>certa</span> <span class='ocrx_word' id='word_1_236' title='bbox 1940 2640 2027 2714; x_wconf 88' lang='lat' dir='ltr'>de</span> <span class='ocrx_word' id='word_1_237' title='bbox 2074 2640 2269 2712; x_wconf 69' lang='lat' dir='ltr'>causa</span> <span class='ocrx_word' id='word_1_238' title='bbox 2313 2637 2544 2713; x_wconf 78' lang='lat' dir='ltr'>vitass&#39;e</span> <span class='ocrx_word' id='word_1_239' title='bbox 2577 2661 2692 2713; x_wconf 89' lang='lat' dir='ltr'>aut</span> <span class='ocrx_word' id='word_1_240' title='bbox 2723 2639 3002 2714; x_wconf 82' lang='lat' dir='ltr'>secutus·</span> <span class='ocrx_word' id='word_1_241' title='bbox 3031 2642 3161 2719; x_wconf 78' lang='lat' dir='ltr'>oss&#39;e</span> <span class='ocrx_word' id='word_1_242' title='bbox 3191 2644 3340 2739; x_wconf 46' lang='lat' dir='ltr'>anie</span> 
     </span>
     <span class='ocr_line' id='line_1_23' title="bbox 690 2736 3346 2831; baseline 0.001 -24"><span class='ocrx_word' id='word_1_243' title='bbox 690 2751 843 2808; x_wconf 71' lang='lat' dir='ltr'>mus</span> <span class='ocrx_word' id='word_1_244' title='bbox 876 2738 1145 2811; x_wconf 90' lang='lat' dir='ltr'>videtur</span> <span class='ocrx_word' id='word_1_245' title='bbox 1189 2739 1325 2813; x_wconf 43' lang='grc' dir='ltr'>δίει</span> <span class='ocrx_word' id='word_1_246' title='bbox 1364 2759 1428 2812; x_wconf 80' lang='lat'>2.</span> <span class='ocrx_word' id='word_1_247' title='bbox 1475 2738 1661 2817; x_wconf 72' lang='lat' dir='ltr'>Rhet,</span> <span class='ocrx_word' id='word_1_248' title='bbox 1706 2760 1817 2831; x_wconf 81' lang='lat'>17.</span> <span class='ocrx_word' id='word_1_249' title='bbox 1858 2736 1963 2810; x_wconf 83' lang='lat'>18.</span> <span class='ocrx_word' id='word_1_250' title='bbox 2657 2790 2660 2795; x_wconf 87' lang='lat'>-</span> <span class='ocrx_word' id='word_1_251' title='bbox 2895 2796 2898 2797; x_wconf 14' lang='grc' dir='ltr'><em>ν</em></span> <span class='ocrx_word' id='word_1_252' title='bbox 3339 2754 3346 2795; x_wconf 77' lang='grc' dir='ltr'><em>ῑ</em></span> 
     </span>
     <span class='ocr_line' id='line_1_24' title="bbox 792 2832 3341 2931; baseline 0.002 -26"><span class='ocrx_word' id='word_1_253' title='bbox 792 2832 990 2928; x_wconf 72' lang='lat' dir='ltr'>(Vtfi</span> <span class='ocrx_word' id='word_1_254' title='bbox 1025 2834 1246 2927; x_wconf 60' lang='lat' dir='ltr'>objeffo</span> <span class='ocrx_word' id='word_1_255' title='bbox 1266 2884 1291 2924; x_wconf 82' lang='lat'><strong>,</strong></span> <span class='ocrx_word' id='word_1_256' title='bbox 1337 2849 1475 2905; x_wconf 71' lang='lat' dir='ltr'>tum</span> <span class='ocrx_word' id='word_1_257' title='bbox 1511 2838 1875 2905; x_wconf 76' lang='lat' dir='ltr'>voluntaria</span> <span class='ocrx_word' id='word_1_258' title='bbox 1908 2833 2154 2928; x_wconf 75' lang='lat' dir='ltr'>afflnfio</span> <span class='ocrx_word' id='word_1_259' title='bbox 2182 2858 2259 2903; x_wconf 80' lang='lat' dir='ltr'>ex</span> <span class='ocrx_word' id='word_1_260' title='bbox 2299 2835 2532 2927; x_wconf 76' lang='lat' dir='ltr'>consilio</span> <span class='ocrx_word' id='word_1_261' title='bbox 2578 2832 2662 2911; x_wconf 53' lang='grc' dir='ltr'>ὅ</span> <span class='ocrx_word' id='word_1_262' title='bbox 2711 2832 3140 2908; x_wconf 81' lang='lat' dir='ltr'>deliberatione</span> <span class='ocrx_word' id='word_1_263' title='bbox 3172 2845 3341 2931; x_wconf 58' lang='lat' dir='ltr'>pen*¹</span> 
     </span>
     <span class='ocr_line' id='line_1_25' title="bbox 694 2922 3333 3028; baseline 0.005 -32"><span class='ocrx_word' id='word_1_264' title='bbox 694 2928 796 2998; x_wconf 77' lang='lat' dir='ltr'>det</span> <span class='ocrx_word' id='word_1_265' title='bbox 818 2985 840 3019; x_wconf 90' lang='lat'><strong>‚</strong></span> <span class='ocrx_word' id='word_1_266' title='bbox 885 2922 1045 3024; x_wconf 73' lang='lat' dir='ltr'>qicod</span> <span class='ocrx_word' id='word_1_267' title='bbox 1058 2937 1258 3025; x_wconf 86' lang='lat' dir='ltr'>sttum</span> <span class='ocrx_word' id='word_1_268' title='bbox 1292 2931 1376 3025; x_wconf 84' lang='lat' dir='ltr'>est</span> <span class='ocrx_word' id='word_1_269' title='bbox 1412 2935 1479 3002; x_wconf 81' lang='lat' dir='ltr'>in</span> <span class='ocrx_word' id='word_1_270' title='bbox 1498 2933 1686 3004; x_wconf 82' lang='lat' dir='ltr'>nobis.</span> <span class='ocrx_word' id='word_1_271' title='bbox 1729 2940 1925 3001; x_wconf 63' lang='lat' dir='ltr'>&amp;mnes</span> <span class='ocrx_word' id='word_1_272' title='bbox 1949 2934 2141 3023; x_wconf 78' lang='lat' dir='ltr'>igitur</span> <span class='ocrx_word' id='word_1_273' title='bbox 2170 2930 2518 3022; x_wconf 83' lang='lat' dir='ltr'>affenfiones</span> <span class='ocrx_word' id='word_1_274' title='bbox 2542 2930 2668 3018; x_wconf 55' lang='grc' dir='ltr'>ψ·</span> <span class='ocrx_word' id='word_1_275' title='bbox 2698 2932 2767 2998; x_wconf 84' lang='lat' dir='ltr'>in</span> <span class='ocrx_word' id='word_1_276' title='bbox 2783 2954 2790 2961; x_wconf 92' lang='lat'><strong>·</strong></span> <span class='ocrx_word' id='word_1_277' title='bbox 2806 2933 3009 3026; x_wconf 78' lang='lat' dir='ltr'>nostrd</span> <span class='ocrx_word' id='word_1_278' title='bbox 3032 2936 3333 3028; x_wconf 78' lang='lat' dir='ltr'>potestate</span> 
     </span>
     <span class='ocr_line' id='line_1_26' title="bbox 699 3019 3358 3123; baseline 0.003 -31"><span class='ocrx_word' id='word_1_279' title='bbox 699 3029 913 3095; x_wconf 49' lang='lat' dir='ltr'>Cicero*</span> <span class='ocrx_word' id='word_1_280' title='bbox 947 3032 1045 3097; x_wconf 87' lang='lat' dir='ltr'>ait</span> <span class='ocrx_word' id='word_1_281' title='bbox 1064 3078 1086 3115; x_wconf 86' lang='lat'>‚</span> <span class='ocrx_word' id='word_1_282' title='bbox 1120 3042 1441 3119; x_wconf 83' lang='lat' dir='ltr'>propterea</span> <span class='ocrx_word' id='word_1_283' title='bbox 1470 3029 1633 3122; x_wconf 82' lang='lat' dir='ltr'>quod</span> <span class='ocrx_word' id='word_1_284' title='bbox 1658 3050 1854 3096; x_wconf 84' lang='lat' dir='ltr'>omnes</span> <span class='ocrx_word' id='word_1_285' title='bbox 1879 3025 2141 3123; x_wconf 79' lang='lat' dir='ltr'>judicio</span> <span class='ocrx_word' id='word_1_286' title='bbox 2170 3019 2614 3119; x_wconf 70' lang='lat' dir='ltr'>ficsttpiuntur.</span> <span class='ocrx_word' id='word_1_287' title='bbox 2661 3026 2869 3116; x_wconf 82' lang='lat' dir='ltr'>itaque</span> <span class='ocrx_word' id='word_1_288' title='bbox 2929 3027 3288 3102; x_wconf 87' lang='lat' dir='ltr'>confilium</span> <span class='ocrx_word' id='word_1_289' title='bbox 3312 3041 3358 3123; x_wconf 73' lang='lat'>‚&#39;</span> 
     </span>
     <span class='ocr_line' id='line_1_27' title="bbox 696 3115 3342 3224; baseline 0 -29"><span class='ocrx_word' id='word_1_290' title='bbox 696 3121 1093 3197; x_wconf 79' lang='lat' dir='ltr'>deliberatio</span> <span class='ocrx_word' id='word_1_291' title='bbox 1130 3180 1152 3214; x_wconf 89' lang='lat'>,</span> <span class='ocrx_word' id='word_1_292' title='bbox 1195 3124 1516 3224; x_wconf 78' lang='lat' dir='ltr'>cogitatio</span> <span class='ocrx_word' id='word_1_293' title='bbox 1549 3182 1571 3215; x_wconf 90' lang='lat'>,</span> <span class='ocrx_word' id='word_1_294' title='bbox 1619 3117 2103 3196; x_wconf 76' lang='lat' dir='ltr'>animadverfi&#39;o</span> <span class='ocrx_word' id='word_1_295' title='bbox 2133 3177 2155 3213; x_wconf 90' lang='lat'><strong>,</strong></span> <span class='ocrx_word' id='word_1_296' title='bbox 2207 3115 2376 3192; x_wconf 82' lang='lat' dir='ltr'>ratio</span> <span class='ocrx_word' id='word_1_297' title='bbox 2407 3167 2432 3207; x_wconf 85' lang='lat'>,</span> <span class='ocrx_word' id='word_1_298' title='bbox 2477 3115 2919 3193; x_wconf 80' lang='lat' dir='ltr'>consideratio</span> <span class='ocrx_word' id='word_1_299' title='bbox 2953 3177 2976 3211; x_wconf 88' lang='lat'><strong>,</strong></span> <span class='ocrx_word' id='word_1_300' title='bbox 3035 3136 3342 3221; x_wconf 56' lang='lat' dir='ltr'>tanquam</span> 
     </span>
     <span class='ocr_line' id='line_1_28' title="bbox 698 3213 3337 3314; baseline 0 -26"><span class='ocrx_word' id='word_1_301' title='bbox 698 3219 886 3289; x_wconf 83' lang='lat' dir='ltr'>radix</span> <span class='ocrx_word' id='word_1_302' title='bbox 924 3220 1008 3299; x_wconf 78' lang='lat'><em>&amp;</em></span> <span class='ocrx_word' id='word_1_303' title='bbox 1038 3225 1328 3311; x_wconf 80' lang='lat' dir='ltr'>proxima</span> <span class='ocrx_word' id='word_1_304' title='bbox 1364 3217 1775 3313; x_wconf 86' lang='lat' dir='ltr'>continensque</span> <span class='ocrx_word' id='word_1_305' title='bbox 1810 3215 1993 3311; x_wconf 59' lang='lat' dir='ltr'>causta</span> <span class='ocrx_word' id='word_1_306' title='bbox 2028 3216 2112 3310; x_wconf 81' lang='lat' dir='ltr'>est</span> <span class='ocrx_word' id='word_1_307' title='bbox 2144 3213 2498 3288; x_wconf 77' lang='lat' dir='ltr'>voluntarii</span> <span class='ocrx_word' id='word_1_308' title='bbox 2550 3215 2816 3314; x_wconf 70' lang='lat' dir='ltr'>affinffls</span> <span class='ocrx_word' id='word_1_309' title='bbox 2853 3221 2931 3293; x_wconf 61' lang='grc' dir='ltr'><em>ά</em></span> <span class='ocrx_word' id='word_1_310' title='bbox 2963 3219 3169 3288; x_wconf 84' lang='lat' dir='ltr'>liberae</span> <span class='ocrx_word' id='word_1_311' title='bbox 3217 3241 3337 3313; x_wconf 86' lang='lat' dir='ltr'>ap-</span> 
     </span>
     <span class='ocr_line' id='line_1_29' title="bbox 689 3310 3340 3413; baseline 0.001 -27"><span class='ocrx_word' id='word_1_312' title='bbox 689 3320 1063 3406; x_wconf 78' lang='lat' dir='ltr'>petitionis.)</span> <span class='ocrx_word' id='word_1_313' title='bbox 1114 3315 1588 3390; x_wconf 79' lang='lat' dir='ltr'>c-onfiliumest</span> <span class='ocrx_word' id='word_1_314' title='bbox 1610 3314 1884 3412; x_wconf 72' lang='lat' dir='ltr'>aliquid</span> <span class='ocrx_word' id='word_1_315' title='bbox 1910 3313 2200 3393; x_wconf 80' lang='lat' dir='ltr'>faciendi</span> <span class='ocrx_word' id='word_1_316' title='bbox 2232 3310 2805 3387; x_wconf 80' lang='lat' dir='ltr'>non&#39;faciendi-ve</span> <span class='ocrx_word' id='word_1_317' title='bbox 2844 3316 3222 3413; x_wconf 84' lang='lat' dir='ltr'>excogitata</span> <span class='ocrx_word' id='word_1_318' title='bbox 3235 3342 3340 3391; x_wconf 77' lang='lat' dir='ltr'>ra—</span> 
     </span>
     <span class='ocr_line' id='line_1_30' title="bbox 700 3406 3366 3512; baseline 0.002 -27"><span class='ocrx_word' id='word_1_319' title='bbox 700 3413 833 3503; x_wconf 90' lang='lat' dir='ltr'>tio,</span> <span class='ocrx_word' id='word_1_320' title='bbox 882 3437 950 3486; x_wconf 89' lang='lat'>2.</span> <span class='ocrx_word' id='word_1_321' title='bbox 987 3415 1168 3506; x_wconf 77' lang='lat' dir='ltr'>Rhet.</span> <span class='ocrx_word' id='word_1_322' title='bbox 1208 3435 1315 3511; x_wconf 56' lang='lat'>31,</span> <span class='ocrx_word' id='word_1_323' title='bbox 1340 3413 1630 3503; x_wconf 71' lang='lat' dir='ltr'>1confilia</span> <span class='ocrx_word' id='word_1_324' title='bbox 1668 3410 2091 3509; x_wconf 75' lang='lat' dir='ltr'>capienda...</span> <span class='ocrx_word' id='word_1_325' title='bbox 2140 3411 2212 3484; x_wconf 90' lang='lat' dir='ltr'>in</span> <span class='ocrx_word' id='word_1_326' title='bbox 2250 3406 2533 3512; x_wconf 86' lang='lat' dir='ltr'>confilio</span> <span class='ocrx_word' id='word_1_327' title='bbox 2561 3409 2913 3507; x_wconf 87' lang='lat' dir='ltr'>capiendo.</span> <span class='ocrx_word' id='word_1_328' title='bbox 2945 3465 2959 3482; x_wconf 96' lang='lat'>.</span> <span class='ocrx_word' id='word_1_329' title='bbox 2988 3467 3003 3484; x_wconf 96' lang='lat'>.</span> <span class='ocrx_word' id='word_1_330' title='bbox 3049 3415 3366 3488; x_wconf 86' lang='lat' dir='ltr'>mutatio-</span> 
     </span>
     <span class='ocr_line' id='line_1_31' title="bbox 697 3502 3338 3604; baseline -0.001 -16"><span class='ocrx_word' id='word_1_331' title='bbox 697 3509 977 3588; x_wconf 85' lang='lat' dir='ltr'>confilii.</span> <span class='ocrx_word' id='word_1_332' title='bbox 1000 3567 1014 3584; x_wconf 95' lang='lat'>.</span> <span class='ocrx_word' id='word_1_333' title='bbox 1040 3567 1056 3585; x_wconf 91' lang='lat'>.</span> <span class='ocrx_word' id='word_1_334' title='bbox 1113 3502 1606 3585; x_wconf 53' lang='lat' dir='ltr'>sententiaefine</span> <span class='ocrx_word' id='word_1_335' title='bbox 1633 3505 2018 3582; x_wconf 77' lang='lat' dir='ltr'>consilio,</span> <span class='ocrx_word' id='word_1_336' title='bbox 2064 3533 2165 3581; x_wconf 83' lang='lat' dir='ltr'>res</span> <span class='ocrx_word' id='word_1_337' title='bbox 2195 3503 2763 3580; x_wconf 60' lang='lat' dir='ltr'>considemndaei.</span> <span class='ocrx_word' id='word_1_338' title='bbox 2796 3511 2835 3579; x_wconf 89' lang='grc'>.“</span> <span class='ocrx_word' id='word_1_339' title='bbox 2862 3508 3053 3604; x_wconf 90' lang='lat' dir='ltr'>quod</span> <span class='ocrx_word' id='word_1_340' title='bbox 3102 3509 3173 3582; x_wconf 88' lang='lat' dir='ltr'>in</span> <span class='ocrx_word' id='word_1_341' title='bbox 3218 3511 3338 3586; x_wconf 89' lang='lat' dir='ltr'>de-</span> 
     </span>
     <span class='ocr_line' id='line_1_32' title="bbox 696 3602 3359 3707; baseline 0.002 -28"><span class='ocrx_word' id='word_1_342' title='bbox 696 3606 1154 3694; x_wconf 79' lang='lat' dir='ltr'>liberationem</span> <span class='ocrx_word' id='word_1_343' title='bbox 1174 3607 1376 3682; x_wconf 86' lang='lat' dir='ltr'>cadit.</span> <span class='ocrx_word' id='word_1_344' title='bbox 1403 3651 1454 3682; x_wconf 79' lang='lat'>..</span> <span class='ocrx_word' id='word_1_345' title='bbox 1502 3607 1789 3707; x_wconf 85' lang='lat' dir='ltr'>potestas</span> <span class='ocrx_word' id='word_1_346' title='bbox 1810 3603 2241 3680; x_wconf 75' lang='lat' dir='ltr'>deliberandi.</span> <span class='ocrx_word' id='word_1_347' title='bbox 2268 3660 2282 3676; x_wconf 91' lang='lat'>.</span> <span class='ocrx_word' id='word_1_348' title='bbox 2312 3661 2327 3676; x_wconf 90' lang='lat'>.</span> <span class='ocrx_word' id='word_1_349' title='bbox 2371 3602 2456 3677; x_wconf 89' lang='lat' dir='ltr'>ad</span> <span class='ocrx_word' id='word_1_350' title='bbox 2476 3602 3012 3679; x_wconf 87' lang='lat' dir='ltr'>deliberandum.</span> <span class='ocrx_word' id='word_1_351' title='bbox 3039 3661 3052 3674; x_wconf 93' lang='lat'>.</span> <span class='ocrx_word' id='word_1_352' title='bbox 3082 3661 3133 3678; x_wconf 90' lang='lat'>..</span> <span class='ocrx_word' id='word_1_353' title='bbox 3170 3605 3359 3693; x_wconf 65' lang='lat' dir='ltr'>cum¹</span> 
     </span>
     <span class='ocr_line' id='line_1_33' title="bbox 697 3699 3358 3804; baseline 0.001 -28"><span class='ocrx_word' id='word_1_354' title='bbox 697 3705 881 3777; x_wconf 86' lang='lat' dir='ltr'>enim</span> <span class='ocrx_word' id='word_1_355' title='bbox 923 3707 1174 3781; x_wconf 85' lang='lat' dir='ltr'>utilitas</span> <span class='ocrx_word' id='word_1_356' title='bbox 1221 3704 1307 3778; x_wconf 89' lang='lat' dir='ltr'>ad</span> <span class='ocrx_word' id='word_1_357' title='bbox 1356 3704 1422 3777; x_wconf 90' lang='lat' dir='ltr'>se</span> <span class='ocrx_word' id='word_1_358' title='bbox 1459 3727 1736 3804; x_wconf 81' lang='lat' dir='ltr'>rapere,</span> <span class='ocrx_word' id='word_1_359' title='bbox 1780 3701 2088 3778; x_wconf 57' lang='lat' dir='ltr'>honestae</span> <span class='ocrx_word' id='word_1_360' title='bbox 2130 3720 2369 3776; x_wconf 73' lang='lat' dir='ltr'>‘contra</span> <span class='ocrx_word' id='word_1_361' title='bbox 2403 3703 2715 3782; x_wconf 66' lang='lat' dir='ltr'>revocare</span> <span class='ocrx_word' id='word_1_362' title='bbox 2751 3700 2838 3773; x_wconf 89' lang='lat' dir='ltr'>ad</span> <span class='ocrx_word' id='word_1_363' title='bbox 2873 3699 2937 3775; x_wconf 91' lang='lat' dir='ltr'>se</span> <span class='ocrx_word' id='word_1_364' title='bbox 2985 3700 3297 3779; x_wconf 74' lang='lat' dir='ltr'>videatur</span> <span class='ocrx_word' id='word_1_365' title='bbox 3311 3735 3358 3800; x_wconf 84' lang='lat'>·‚·</span> 
     </span>
     <span class='ocr_line' id='line_1_34' title="bbox 685 3796 3356 3901; baseline 0.003 -29"><span class='ocrx_word' id='word_1_366' title='bbox 685 3800 815 3888; x_wconf 58' lang='grc' dir='ltr'>ὧι,</span> <span class='ocrx_word' id='word_1_367' title='bbox 857 3823 937 3876; x_wconf 88' lang='lat' dir='ltr'>ut</span> <span class='ocrx_word' id='word_1_368' title='bbox 968 3803 1372 3877; x_wconf 76' lang='lat' dir='ltr'>distrahatur</span> <span class='ocrx_word' id='word_1_369' title='bbox 1392 3805 1458 3874; x_wconf 86' lang='lat' dir='ltr'>in</span> <span class='ocrx_word' id='word_1_370' title='bbox 1488 3802 1868 3876; x_wconf 79' lang='lat' dir='ltr'>deliberando</span> <span class='ocrx_word' id='word_1_371' title='bbox 1905 3799 2170 3884; x_wconf 80' lang='lat' dir='ltr'>animus</span> <span class='ocrx_word' id='word_1_372' title='bbox 2196 3856 2232 3890; x_wconf 91' lang='lat'>.‚</span> <span class='ocrx_word' id='word_1_373' title='bbox 2297 3796 2527 3873; x_wconf 86' lang='lat' dir='ltr'>afferat</span> <span class='ocrx_word' id='word_1_374' title='bbox 2574 3823 2660 3872; x_wconf 87' lang='lat' dir='ltr'>ue</span> <span class='ocrx_word' id='word_1_375' title='bbox 2701 3799 3062 3901; x_wconf 81' lang='lat' dir='ltr'>ancipitem</span> <span class='ocrx_word' id='word_1_376' title='bbox 3102 3826 3356 3886; x_wconf 63' lang='lat' dir='ltr'>curam&gt;</span> 
     </span>
     <span class='ocr_line' id='line_1_35' title="bbox 682 3893 3337 4007; baseline 0.004 -42"><span class='ocrx_word' id='word_1_377' title='bbox 682 3920 782 3966; x_wconf 61' lang='lat' dir='ltr'>co</span> <span class='ocrx_word' id='word_1_378' title='bbox 834 3897 1081 3990; x_wconf 65' lang='lat' dir='ltr'>standi,</span> <span class='ocrx_word' id='word_1_379' title='bbox 1140 3923 1199 3973; x_wconf 91' lang='lat'>1.</span> <span class='ocrx_word' id='word_1_380' title='bbox 1234 3896 1379 3990; x_wconf 90' lang='lat' dir='ltr'>Off.</span> <span class='ocrx_word' id='word_1_381' title='bbox 1410 3924 1480 3985; x_wconf 89' lang='lat'>9.</span> <span class='ocrx_word' id='word_1_382' title='bbox 1530 3903 1601 3974; x_wconf 90' lang='lat' dir='ltr'>in</span> <span class='ocrx_word' id='word_1_383' title='bbox 1640 3899 2074 3973; x_wconf 85' lang='lat' dir='ltr'>deliberando</span> <span class='ocrx_word' id='word_1_384' title='bbox 2109 3893 2282 4007; x_wconf 64' lang='lat' dir='ltr'>saepe</span> <span class='ocrx_word' id='word_1_385' title='bbox 2320 3896 2529 3970; x_wconf 86' lang='lat' dir='ltr'>animi</span> <span class='ocrx_word' id='word_1_386' title='bbox 2574 3922 2646 3969; x_wconf 87' lang='lat' dir='ltr'><strong>m</strong></span> <span class='ocrx_word' id='word_1_387' title='bbox 2700 3898 3057 3971; x_wconf 89' lang='lat' dir='ltr'>contrarias</span> <span class='ocrx_word' id='word_1_388' title='bbox 3116 3922 3337 3997; x_wconf 61' lang='lat' dir='ltr'>parte}</span> 
     </span>
     <span class='ocr_line' id='line_1_36' title="bbox 700 3992 3336 4091; baseline 0.003 -29"><span class='ocrx_word' id='word_1_389' title='bbox 700 3992 797 4063; x_wconf 81' lang='lat' dir='ltr'>di1</span> <span class='ocrx_word' id='word_1_390' title='bbox 835 3994 1193 4089; x_wconf 81' lang='lat' dir='ltr'>rabuntur,</span> <span class='ocrx_word' id='word_1_391' title='bbox 1236 3995 1388 4068; x_wconf 85' lang='lat' dir='ltr'>ibid.</span> <span class='ocrx_word' id='word_1_392' title='bbox 1422 4023 1560 4071; x_wconf 89' lang='lat' dir='ltr'>non</span> <span class='ocrx_word' id='word_1_393' title='bbox 1587 4022 1748 4072; x_wconf 88' lang='lat' dir='ltr'>cum</span> <span class='ocrx_word' id='word_1_394' title='bbox 1778 3999 1856 4070; x_wconf 72' lang='lat' dir='ltr'>ea</span> <span class='ocrx_word' id='word_1_395' title='bbox 1891 4016 2075 4091; x_wconf 85' lang='lat' dir='ltr'>parte</span> <span class='ocrx_word' id='word_1_396' title='bbox 2100 3994 2351 4084; x_wconf 84' lang='lat' dir='ltr'>ammi,</span> <span class='ocrx_word' id='word_1_397' title='bbox 2395 3993 2466 4065; x_wconf 88' lang='lat' dir='ltr'>in</span> <span class='ocrx_word' id='word_1_398' title='bbox 2498 3995 2634 4091; x_wconf 66' lang='lat' dir='ltr'>qui</span> <span class='ocrx_word' id='word_1_399' title='bbox 2664 3993 2832 4066; x_wconf 89' lang='lat' dir='ltr'>inest</span> <span class='ocrx_word' id='word_1_400' title='bbox 2859 3996 3025 4068; x_wconf 89' lang='lat' dir='ltr'>ratio</span> <span class='ocrx_word' id='word_1_401' title='bbox 3063 3998 3137 4069; x_wconf 83' lang='lat'>&amp;</span> <span class='ocrx_word' id='word_1_402' title='bbox 3172 4023 3336 4071; x_wconf 84' lang='lat' dir='ltr'>con-</span> 
     </span>
     <span class='ocr_line' id='line_1_37' title="bbox 684 4086 3336 4194; baseline 0.002 -35"><span class='ocrx_word' id='word_1_403' title='bbox 684 4086 962 4178; x_wconf 64' lang='lat' dir='ltr'>silium,</span> <span class='ocrx_word' id='word_1_404' title='bbox 1005 4088 1116 4169; x_wconf 83' lang='lat' dir='ltr'>sed</span> <span class='ocrx_word' id='word_1_405' title='bbox 1166 4118 1327 4166; x_wconf 90' lang='lat' dir='ltr'>cum</span> <span class='ocrx_word' id='word_1_406' title='bbox 1379 4095 1741 4194; x_wconf 87' lang='lat' dir='ltr'>cupiditate</span> <span class='ocrx_word' id='word_1_407' title='bbox 1789 4092 2109 4166; x_wconf 88' lang='lat' dir='ltr'>deliberat</span> <span class='ocrx_word' id='word_1_408' title='bbox 2136 4142 2162 4180; x_wconf 84' lang='lat'>‚</span> <span class='ocrx_word' id='word_1_409' title='bbox 2210 4115 2282 4164; x_wconf 86' lang='lat'>2.</span> <span class='ocrx_word' id='word_1_410' title='bbox 2321 4090 2398 4160; x_wconf 80' lang='lat' dir='ltr'>de</span> <span class='ocrx_word' id='word_1_411' title='bbox 2445 4091 2590 4162; x_wconf 80' lang='lat' dir='ltr'>Fin.</span> <span class='ocrx_word' id='word_1_412' title='bbox 2638 4114 2662 4160; x_wconf 90' lang='lat'>1</span> <span class='ocrx_word' id='word_1_413' title='bbox 2690 4111 2801 4186; x_wconf 87' lang='lat'>15.</span> <span class='ocrx_word' id='word_1_414' title='bbox 2848 4091 3336 4184; x_wconf 86' lang='lat' dir='ltr'>deliberatum,</span> 
     </span>
     <span class='ocr_line' id='line_1_38' title="bbox 694 4184 3336 4358; baseline -0 -97"><span class='ocrx_word' id='word_1_415' title='bbox 694 4184 1066 4290; x_wconf 58' lang='lat' dir='ltr'>statutum,</span> <span class='ocrx_word' id='word_1_416' title='bbox 1115 4189 1556 4267; x_wconf 85' lang='lat' dir='ltr'>constitutum</span> <span class='ocrx_word' id='word_1_417' title='bbox 1579 4245 1603 4281; x_wconf 84' lang='lat'>,</span> <span class='ocrx_word' id='word_1_418' title='bbox 1654 4194 1789 4276; x_wconf 80' lang='lat' dir='ltr'>Cic.</span> <span class='ocrx_word' id='word_1_419' title='bbox 1827 4190 1998 4266; x_wconf 82' lang='lat' dir='ltr'>mihi</span> <span class='ocrx_word' id='word_1_420' title='bbox 2046 4187 2491 4358; x_wconf 60' lang='lat' dir='ltr'>delibet-gum</span> <span class='ocrx_word' id='word_1_421' title='bbox 2522 4186 2603 4260; x_wconf 68' lang='lat'>8&lt;</span> <span class='ocrx_word' id='word_1_422' title='bbox 2647 4187 3091 4264; x_wconf 81' lang='lat' dir='ltr'>constitutum</span> <span class='ocrx_word' id='word_1_423' title='bbox 3129 4190 3336 4358; x_wconf 37' lang='lat' dir='ltr'>esti·</span> 
     </span>
     <span class='ocr_line' id='line_1_39' title="bbox 906 4306 3346 4378; baseline 0 -1"><span class='ocrx_word' id='word_1_424' title='bbox 906 4337 923 4350; x_wconf 77' lang='lat'><strong>·</strong></span> <span class='ocrx_word' id='word_1_425' title='bbox 2273 4371 2284 4378; x_wconf 83' lang='lat'>.</span> <span class='ocrx_word' id='word_1_426' title='bbox 2339 4372 2343 4376; x_wconf 86' lang='grc'><em>,</em></span> <span class='ocrx_word' id='word_1_427' title='bbox 3250 4306 3346 4378; x_wconf 57' lang='grc'>,19</span> 
     </span>
    </p>
   </div>
  </div>
 </body>
</html>
