4585 5992
1366 620 1479 718 32·
2176 573 3207 698 tlecon

1379 730 1891 832 significandam
1915 730 2123 832 ipsam
2160 728 2664 809 conclusionem
2701 731 2805 806 his
2855 732 3080 810 verbis
3115 735 3370 810 Cicero
3412 731 3666 827 utitur,
3708 740 4027 837 concludo,

1379 834 1736 922 coenpleblor
1750 880 1777 921 ‚
1821 829 2010 921 efficio
2030 881 2056 922 ,
2102 832 2343 924 conficio
2429 827 2629 924 infero
2659 888 2685 922 ,
2724 834 2928 927 coago
2949 888 2983 923 ,
3025 832 3111 905 ad
3152 834 3338 906 hunc
3381 833 3672 906 modum
3698 839 3766 922 z)
3816 863 4030 939 eaque

1379 924 1645 1002 efficere
1672 953 1814 1002 non
1848 929 2239 1025 perturbate
2270 986 2292 1020 ,
2356 888 2472 1002 ied
2492 927 2769 1029 {iugulis
2785 926 3481 1039 argumentationibus
3507 931 4033 1013 itaconcluden-

1378 1021 1482 1095 dis
1498 1079 1521 1115 ,
1571 1045 1650 1102 ut
1675 1024 2005 1101 efficiatur
2038 1029 2231 1126 quod
2270 1025 2352 1100 sit
2376 1025 2791 1123 consequens
2841 1052 2919 1100 us
2970 1050 3127 1124 quae
3160 1026 3512 1104 sumentur
3555 1028 3642 1102 ad
3685 1054 4034 1134 quamque

1374 1143 1527 1194 rem
1571 1123 2111 1198 confirmandam
2142 1181 2165 1217 ,
2228 1129 2428 1197 Orat.
2473 1145 2628 1197 122.
2672 1143 2752 1196 ut
2774 1144 3264 1224 argumentum
3324 1124 3582 1198 ratione
3621 1128 4033 1222 concludat,

1376 1217 1535 1290 ibid.
1591 1245 1617 1293 1
1636 1237 1749 1318 37.
1780 1241 1898 1294 aut
1941 1221 2511 1312 demonstrando,
2555 1221 2629 1293 id
2664 1221 2855 1317 quod
2890 1221 3298 1299 concludere
3325 1220 3425 1294 illi
3462 1221 3678 1297 velint
3701 1280 3725 1314 ,
3770 1250 3912 1301 non
3932 1227 4030 1302 ef-

1378 1313 1500 1387 fici
1542 1341 1630 1391 ex
1660 1317 2050 1416 propolitis,
2102 1344 2227 1394 nee
2260 1320 2393 1394 effe
2427 1318 2876 1420 consequenS,
2923 1342 2993 1392 2.
3027 1321 3104 1392 de
3133 1320 3328 1390 Orat.
3361 1339 3527 1412 215.
3574 1323 3834 1396 ratione
3864 1349 4030 1399 con-

1370 1416 1696 1510 cludere,
1745 1419 1881 1491 hoc
1921 1417 2131 1490 modo
2154 1474 2178 1506 ,
2241 1442 2301 1490 1.
2333 1416 2409 1487 de
2435 1416 2677 1487 Divin.
2715 1439 2831 1510 71.
2877 1416 3302 1490 concludunt
3338 1415 3734 1490 ratiunculis
3769 1420 4028 1516 Stoici,

1379 1539 1508 1590 cur
1548 1516 1684 1590 &a
1713 1571 1728 1588 .
1751 1572 1766 1589 .
1812 1514 1933 1614 qui
1989 1514 2391 1589 contortulis
2424 1509 2831 1610 quibusdam
2890 1537 2969 1585 ac
3013 1513 3298 1585 minutis
3350 1511 3945 1591 conclusiunculis.
3971 1574 3987 1591 .
4009 1573 4027 1589 .

1373 1610 1559 1688 effici
1599 1612 1843 1688 volunt
1886 1612 2022 1685 δίε.
2063 1634 2122 1682 1.
2161 1606 2231 1680 T
2213 1608 2336 1707 ast.
2371 1633 2736 1682 movemur
2772 1607 2954 1680 enim
3001 1603 3176 1706 fiepe
3219 1607 3454 1706 aliquo
3493 1607 3697 1683 acute
3746 1617 4028 1689 conclu-

1376 1706 1494 1800 so,
1557 1734 1619 1784 1.
1657 1706 1830 1804 Tust.
1868 1708 2325 1784 concludatur
2361 1701 2530 1803 ergo
2564 1705 2759 1804 ratio.
2797 1702 2846 1776 fi
2882 1705 3064 1778 enim
3105 1707 3238 1779 &c.
3285 1728 3354 1778 2.
3385 1703 3465 1775 de
3497 1705 3736 1776 Divin.
3785 1732 4027 1803 quam..

1376 1806 1618 1884 obrem
1671 1807 1793 1904 qui
1839 1806 1984 1878 &c.
2043 1804 2115 1879 in
2162 1829 2279 1878 eos
2333 1801 2585 1875 valebit
2629 1801 2744 1874 illa
2790 1799 3138 1875 conclufio
3186 1804 3321 1875 ἃς.
3352 1801 3473 1899 qui
3516 1822 3743 1876 autem
3795 1807 3932 1880 ὅτε.
3953 1808 4026 1884 in

1362 1919 1493 1986 scos
1524 1904 1699 1988 nihil
1732 1903 1981 1977 valebit
2020 1958 2042 1992 ,
2103 1901 2178 1971 de
2226 1908 2405 1970 Fato.
2436 1921 2592 1969 nam
2637 1895 3039 1971 asshmtione
3074 1921 3215 1971 non
3249 1897 3558 1974 concesssi
3574 1954 3593 1982 ,
3643 1902 3832 1977 nulla
3860 1928 4028 1979 con-

1372 1999 1593 2078 clufio
1627 2000 1767 2086 est,
1812 1998 1888 2067 de
1917 2004 2072 2066 Fato
2114 2017 2223 2092 14·
2279 1994 2325 2065 ὃ
2351 2015 2591 2067 acutos
2633 1992 2982 2066 homines!
3031 1993 3240 2092 qua-lm
3274 1995 3504 2094 paucis
3555 1996 3780 2072 verbis
3814 2024 4028 2101 nego-

1374 2101 1554 2172 tium
1591 2093 1988 2168 confectum
2044 2111 2284 2188 putant
2321 2089 2353 2161 ἓ
2400 2115 2477 2162 ea
2515 2088 2792 2162 sumunt
2833 2088 2926 2162 ad
2957 2091 3554 2184 concludendum,
3595 2118 3895 2191 quorum
3947 2098 4026 2172 iis

1374 2192 1555 2269 nihil
1580 2190 2001 2265 conceditur.
2036 2182 2384 2262 conclufio
2417 2206 2643 2264 autem
2681 2186 2954 2260 rationis
2993 2213 3071 2261 ea
3097 2186 3446 2298 probanda
3480 2190 3576 2263 est
3597 2247 3619 2280 ‚
3661 2191 3734 2264 in
3768 2195 3908 2291 qua
3935 2220 4025 2270 cx

1375 2288 1581 2366 rebus
1632 2313 1773 2363 non
1822 2285 2084 2376 dubiis,
2132 2286 2204 2359 id
2250 2284 2439 2383 quod
2490 2281 2838 2356 dubimtur
2870 2338 2895 2373 ,
2938 2283 3232 2364 efficitur
3263 2343 3285 2376 ,
3351 2307 3416 2356 2.
3449 2286 3525 2356 de
3563 2285 3804 2359 Divin.
3864 2311 4024 2387 ¹03·

1376 2388 1580 2464 nimis
1617 2382 2099 2459 inconfiderate
2132 2381 2456 2475 concludi
2494 2379 2669 2453 hanc
2704 2380 3032 2456 rationem
3068 2382 3346 2480 putabat
3363 2440 3385 2473 ,
3427 2383 3502 2454 de
3540 2390 3732 2457 Fato:
3774 2384 4023 2462 fireste
4139 2407 4142 2412 ·

1371 2482 1747 2573 co'nclufit,
1786 2503 1863 2594 4.
1904 2480 2110 2558 Acad.
2144 2480 2263 2591 98.
2314 2474 2673 2575 quomodo
2738 2475 3067 2558 efficiatur
3089 2536 3121 2571 .,
3189 2481 3772 2584 concludaturque
3815 2485 4025 2579 ratio,

1383 2606 1449 2660 1.
1486 2583 1560 2654 de
1597 2583 1743 2656 Pin.
1771 2604 1890 2653 22.
1934 2580 2054 2657 illa
2082 2578 2294 2677 igitur
2326 2576 2492 2653 ratio
2525 2574 3001 2666 concluditur,
3057 2603 3115 2649 1.
3156 2575 3230 2654 de
3269 2576 3510 2652 Divin.
3541 2581 3669 2653 61.
3712 2604 4024 2656 commo.

1369 2677 1530 2754 dius
1589 2676 1877 2756 arbitror
1931 2697 2019 2749 ex
2076 2673 2276 2747 rebus
2327 2670 2646 2749 conceffis
2702 2672 3019 2753 concludi
3096 2673 3268 2772 quid
3355 2676 3527 2749 velis
3593 2677 3669 2749 ὅ(
3735 2679 3822 2752 ad
3882 2682 4025 2754 exi-

1370 2799 1528 2854 tum
1567 2773 1941 2876 perveniri,
1994 2794 2060 2844 2.
2088 2770 2163 2842 de
2198 2774 2331 2844 Pin.
2374 2788 2440 2866 3.
2478 2793 2643 2866 quae
2725 2769 2956 2844 uidem
2990 2771 3120 2845 ess'c
3154 2771 3385 2844 revera
3407 2830 3429 2861 ‚
3474 2774 3603 2849 hac
3623 2776 4020 2852 Stoicorum

1370 2876 1629 2953 ratione
1672 2870 2111 2948 concluditur
2133 2925 2158 2960 ,
2204 2889 2271 2940 2.
2299 2867 2381 2943 de
2411 2866 2653 2941 Divin.
2685 2937 2690 2942 ,
2741 2890 2808 2944 2..
2857 2886 2974 2944 aut
3012 2866 3107 2942 ita
3149 2871 3600 2961 compleamur
3634 2923 3660 2964 ,
3708 2892 3785 2945 ut
3817 2873 3889 2946 in
3931 2900 4021 2955 u.

1372 2999 1547 3050 num
1601 2968 2063 3047 conducamus
2112 2961 2637 3064 propositionem
2678 2964 2759 3043 βε
2806 2965 3274 3043 assumtionem
3307 3023 3330 3059 ,
3401 2993 3460 3042 ι.
3499 2967 3681 3045 Rhet.
3775 2990 3833 3068 3.
3885 2972 4024 3046 uni

1358 3064 1981 3165 ,comprehensione
2016 3064 2247 3145 omnia
2280 3065 2627 3154 complecti,
2678 3084 2745 3157 5.
2777 3061 2855 3139 de
2887 3065 3032 3138 Fin.
3070 3072 3182 3137 26.
3230 3065 3628 3141 conclusum
3661 2992 3767 3142 eii
3787 3090 4022 3144 contra

1371 3166 1793 3267 Cyrenaicos
1823 3161 1967 3235 satis
2007 3158 2202 3235 acute
2236 3161 2409 3233 nihil
2445 3159 2528 3232 ad
2567 3161 2950 3256 Epicurum
2988 3218 3010 3251 ,
3039 3184 3123 3234 ⁴1.
3152 3162 3228 3232 de
3265 3167 3400 3236 Pin,
3445 3183 3558 3260 39.
3606 3163 3909 3263 perfecto
3950 3193 4024 3242 e.-

1369 3262 1632 3338 nim‘&
1667 3258 2171 3332 concluso‘&c.
2194 3280 2264 3328 2.
2311 3254 2384 3326 de
2423 3258 2559 3326 Pin.
2599 3254 2855 3348 85.aut
2875 3258 2964 3329 ita
2996 3313 3018 3345 ‚
3062 3278 3141 3331 ut
3178 3258 3248 3329 id
3283 3255 3499 3330 solum
3536 3315 3560 3350 ,
3620 3261 3809 3356 quod
3857 3286 4023 3340 con-

1368 3359 1647 3443 ficitur,
1692 3351 2014 3426 inferatur
2045 3353 2131 3425 ad
2178 3352 2365 3424 hunc
2411 3350 2698 3423 modum
2723 3407 2748 3442 ,
2803 3377 2861 3423 1.
2899 3352 3084 3424 Rhet.
3116 3375 3166 3449 7
3179 3370 3241 3448 3.
3283 3352 3416 3453 hoc
3443 3351 3491 3423 fi
3539 3356 3713 3428 nolis
3756 3353 4026 3450 inferre,

1372 3456 1449 3529 &
1497 3451 1740 3529 inferas
1785 3448 1854 3530 id
1877 3506 1907 3539 „
1972 3449 2161 3549 quod
2206 3443 2524 3542 sequitur.
2553 3501 2568 3518 .
2596 3502 2611 3519 .
2660 3449 2733 3521 &
2784 3448 3209 3529 concluseris}
3250 3453 3898 3559 argumentationem
3935 3456 4021 3538 ,ὃς

1374 3550 1794 3665 perspicuam
1826 3545 2084 3644 fugeris
2120 3545 2709 3642 complexionem,
2753 3544 2906 3618 ibid.
2944 3565 3061 3643 73.
3095 3545 3455 3621 conficitur
3493 3547 3624 3622 hoc
3646 3605 3669 3638 ,
3713 3550 3864 3623 ibid.
3899 3574 4020 3628 aut

1368 3672 1467 3742 ,ita
1502 3668 1582 3726 ut
1620 3671 1707 3721 cx
1728 3643 2077 3729 ‚contrario
2118 3641 2434 3729 sementia
2467 3640 2908 3731 conficiatur,
2954 3644 3089 3716 hoc
3120 3643 3331 3717 modo
3367 3701 3390 3733 ,
3432 3645 3587 3717 ibid.
3621 3652 3736 3721 aut
3766 3648 3894 3739 ita,
3938 3671 4020 3724 ut

1372 3748 1448 3821 id
1470 3803 1492 3835 ,
1533 3742 1722 3842 quod
1761 3767 1908 3824 eam
1952 3766 2093 3813 rem
2115 3764 2340 3836 ,nquae
2369 3738 2771 3830 conficitur,
2816 3741 3127 3837 sequatur
3171 3742 3425 3816 neceffe
3463 3742 3596 3833 est,
3635 3745 3788 3817 ibid.
3826 3747 4022 3844 quod

1369 3841 1775 3918 conficiatur
1821 3863 1910 3920 ex
1969 3837 2519 3930 ratiocinatione„
2561 3836 2714 3914 ibid.
2752 3857 2870 3933 72..
2910 3863 2997 3917 ex
3028 3862 3168 3934 quo
3216 3838 3600 3915 conficitur.
3625 3894 3640 3911 .
3665 3897 3681 3913 .
3737 3842 3912 3941 saepe
3946 3844 4020 3918 id

1369 3938 1569 4038 quod
1630 3963 1773 4019 non
1828 3935 2226 4025 conficitur,
2261 3933 2457 4030 ,quafi
2505 3932 2903 4007 conficiatur
2936 3992 2960 4026 ,
3011 3936 3098 4010 ,in
3150 3932 3582 4010 conclusione
3640 3937 4020 4019 infertur...

1371 4060 1589 4135 quare
1625 4033 1976 4109 observare
2012 4031 2372 4131 diligenter
2400 4049 2714 4126 oportet„
2750 4031 2834 4105 ὃς
2872 4034 3039 4127 quid
3072 4032 3375 4108 sumatur
3406 4090 3429 4126 ,
3476 4034 3552 4108 ὅτ.
3593 4036 3759 4132 quid
3792 4063 3880 4111 ex
3916 4039 4022 4114 his

1373 4132 1800 4213 conficiatur.
1821 4184 1874 4201 ..
1927 4126 2026 4201 fin
2055 4129 2447 4210 autem‚&c.
2481 4126 2799 4202 effectum
2821 4130 2997 4202 illud
3042 4130 3178 4215 erit
3200 4131 3336 4209 δίς,
3364 4153 3436 4227 4.
3472 4132 3681 4215 Acad.
3711 4134 3828 4212 68.
3850 4160 4019 4239 qua„

1368 4257 1460 4312 rc
1502 4232 1636 4313 hoc
1680 4228 1965 4347 quidem
2007 4223 2329 4325 effecum
2379 4222 2506 4317 ΕΙ,
2563 4249 2625 4315 ³·
2654 4222 2799 4321 Off,
2843 4227 3002 4315 160,
3874 4327 3946 4403 C

1370 4378 1381 4383 ²
3947 4353 4028 4404 0-
