4585 5992
1373 670 1524 752 ²44

1479 652 1526 661 —

1381 656 1468 672 Ρ--

1471 762 1703 847 pletior
1736 763 1818 829 est
1855 762 2125 846 (uberior
2141 760 2247 838 est)
2289 759 2474 844 qu'am
2498 761 2672 822 Gra·-

1473 867 1588 922 ca,
1634 866 1688 913 1.
1723 851 1787 909 de
1820 851 1943 911 Pin.
1991 866 2081 910 10.
2134 847 2250 936 (bic
2281 847 2550 906 mentitur
2580 845 2674 905 Ci-

1468 939 1645 997 cero.)
1673 931 1913 1015 Lingua
1931 929 2154 993 Graeca
2171 926 2473 1011 copiosior
2491 927 2675 1010 quam

1472 1011 1743 1088 Latina,
1792 1035 1849 1079 2.
1883 1016 2035 1096 Tufi.
2080 1030 2172 1092 35.
2219 1014 2440 1073 Graeca
2473 1009 2679 1092 legun-

1357 1148 1366 1156 .
1467 1113 1569 1158 tur
1601 1095 1666 1157 in
1697 1096 1977 1160 omnibus
2010 1094 2136 1159 fere
2172 1094 2487 1178 gentibus3
2555 1093 2681 1156 La-

1465 1176 1600 1243 tina
1635 1181 1751 1244 suis
1785 1179 1998 1243 finibus
2019 1225 2041 1254 ,
2084 1178 2317 1261 exiguis
2333 1176 2500 1249 sane,
2535 1196 2681 1239 con-

1464 1261 1777 1337 tinentur,
1810 1282 1915 1348 pro
1931 1266 2106 1326 Arch.
2130 1280 2225 1344 23.
2273 1261 2516 1342 Lingua
2555 1260 2682 1320 La-

1817 591 2299 726 LEXiCON
2341 640 3221 722 PHILOSOPHICUM.
3358 643 3540 721 GR.

2812 777 2942 840 quae
2992 755 3105 820 sine
3133 757 3472 822 eruditione
3505 754 3728 821 Graecfi
3762 757 4031 850 intelligi

2814 860 2936 901 non
2970 839 3249 922 possunt,
3296 859 3352 905 1.
3388 844 3565 905 Acad.
3605 857 3664 913 4.
3709 840 3921 911 doetus
3958 854 4030 913 δε

2816 923 3052 986 Graecis
3089 922 3313 988 litteris
3344 923 3652 997 erudituS,
3692 929 3870 992 decl.
3895 947 4027 1003 104.

2816 1004 3141 1151 auferimus
3213 1007 3466 1072 verbum
3543 1007 3843 1073 Latinum
3914 1034 4034 1097 pro

2881 1111 3085 1164 raec0,
3133 1095 3199 1155 &
3240 1088 3403 1175 quod
3437 1089 3602 1153 idem
3635 1091 3840 1158 valeat
3877 1138 3902 1169 ,
3969 1118 4029 1163 2.

2820 1175 2884 1233 de
2912 1176 3036 1236 Fin.
3085 1193 3179 1256 13.

2740 1256 3215 1330 Grammatica‚
3261 1278 3332 1319 κ.
3394 1254 3458 1318 iu
3497 1261 3943 1342 grammatici&

1357 1393 1368 1402 .
1465 1345 1603 1411 tina
1636 1346 1855 1430 inops,
1902 1348 2179 1429 3.deFin.
2204 1361 2299 1419 51.
2347 1343 2466 1425 quo
2503 1341 2684 1403 Lati·
2740 1338 3243 1414 Grammaticus,
3284 1338 3341 1401 i:
3408 1343 3806 1422 grammatici
3845 1345 4035 1410 inter-

1470 1449 1582 1493 nus
1601 1433 1842 1495 Orator
1878 1430 1991 1494 sme
2012 1427 2247 1491 Graecis
2280 1424 2508 1488 litteris
2545 1442 2681 1505 per-

1465 1512 1672 1577 venire
1706 1512 1900 1614 20oest
1931 1526 1953 1573 Ρ
2011 1515 2075 1572 de
2109 1511 2295 1571 Claris
2328 1513 2494 1571 Orat.
2540 1521 2676 1580 167.

1466 1615 1615 1659 nam
1675 1617 1822 1659 cum
1878 1592 2352 1686 Philosophiam
2411 1588 2680 1654 viderem

1466 1676 1921 1760 diligentiffime
1957 1677 2180 1740 litteris
2215 1670 2449 1737 Graecis
2483 1672 2680 1755 expli-

1465 1778 1675 1823 catam
1710 1806 1732 1834 ,
1790 1758 2131 1824 existimavi
2168 1803 2189 1832 ,
2247 1755 2286 1820 si
2324 1757 2428 1841 qui
2463 1754 2535 1819 de
2569 1777 2682 1818 no-

1461 1839 1599 1904 stris
1631 1844 1755 1924 ejus
1788 1842 1982 1907 studio
2014 1859 2356 1907 tenerentur
2376 1884 2397 1912 ,
2440 1838 2480 1902 si
2499 1838 2682 1902 essent
2726 1895 2733 1903 .

1463 1925 1700 1990 Graecis
1749 1924 2047 1990 doctrinis
2101 1922 2324 1989 eruditi
2360 1967 2383 1996 ‚
2463 1923 2681 1987 Graeca

1463 2008 1677 2090 potius
1712 2009 1898 2094 quam
1928 2010 2128 2073 nostra
2160 2007 2418 2071 lecturos
2454 2027 2470 2067 τ
2527 2006 2609 2068 sin
2634 2005 2680 2070 -a

1363 2103 1390 2162 .’
1464 2092 1826 2158 Graecorum
1862 2094 2093 2159 artibus
2132 2096 2259 2156 &c.
2328 2109 2381 2154 1.
2421 2090 2597 2152 Acad.
2619 2108 2678 2164 4.

1460 2194 1570 2237 aut
1601 2178 1767 2238 enim
1806 2177 2027 2241 Graeca
2060 2177 2253 2258 legere
2296 2173 2526 2236 malent
2552 2178 2678 2237 &c.

1462 2252 1504 2320 ὲ
1555 2257 1788 2322 Graecis
1839 2279 2042 2341 petere
2098 2264 2223 2321 ἃς.
2288 2277 2394 2319 cur
2454 2255 2685 2321 Poe'tas

1359 2401 1366 2404 ,
1457 2336 1731 2405 Latinos
1780 2342 2013 2405 Graecis
2064 2339 2288 2403 litteris
2335 2335 2558 2401 eruditi
2593 2338 2680 2403 le-

1351 2539 1362 2550 ·
1460 2501 1676 2580 ticus,

1457 2436 1610 2502 gant
1649 2428 1774 2488 &c.
1801 2471 1818 2486 .
1846 2471 1861 2487 .

1783 2506 1885 2570 uin'
1934 2508 2126 2572 etiam
2178 2504 2412 2568 Graecis
2464 2503 2675 2569 licebit

1459 2602 1673 2662 utare,
1715 2610 1749 2651 c
1799 2611 1862 2652 m
1898 2591 2064 2655 voles
2091 2635 2110 2664 ‚
2153 2588 2192 2652 fi
2215 2609 2273 2651 te
2292 2586 2525 2651 Latina
2546 2585 2675 2650 for-

1456 2669 1524 2731 te
1559 2670 1878 2748 deficient,
1920 2677 2131 2737 ibidem.
2176 2694 2251 2736 ea
2285 2669 2412 2733 fere
2450 2672 2581 2733 sunt
2606 2677 2670 2735 &

1453 2753 1691 2819 Graecis
1742 2754 1965 2821 litteris
2020 2760 2085 2822 δε
2125 2752 2370 2819 Latinis
2404 2752 2675 2818 celebra-

1452 2851 1566 2911 ta,
1611 2854 1670 2910 4.
1690 2842 1865 2904 Acad.
1888 2859 1948 2911 4.
1994 2841 2139 2904 cum
2175 2859 2302 2921 quae
2327 2841 2452 2900 &a
2500 2837 2675 2900 Grae-

1455 2938 1535 2980 co
1567 2925 1837 2986 sermone
1872 2919 2281 2988 tractavissent
2306 2964 2327 2995 ‚
2381 2940 2452 2982 ea
2490 2920 2673 2983 Lati-

1452 3001 1550 3067 nis
1599 3006 1826 3071 litteris
1897 3006 2321 3072 mandaremus
2354 3048 2377 3076 ,
2437 3005 2501 3063 de
2544 3007 2667 3067 fin.

1926 2446 2036 2488 nos
2074 2424 2220 2486 vero
2243 2466 2262 2493 ‚
2308 2420 2506 2520 inquit
2547 2421 2677 2485 At-

1359 3134 1362 3139 .
1452 3088 1598 3149 cum
1639 3088 1801 3153 idem
1835 3087 2092 3154 fabellas
2130 3088 2389 3151 Latinas
2424 3084 2503 3149 ad
2538 3108 2670 3150 ver-

1355 3215 1364 3223 -
1451 3168 1600 3232 bum
1636 3171 1710 3235 de
1744 3174 1979 3238 Graecis
2011 3169 2310 3254 expressas
2344 3189 2465 3231 non
2491 3168 2667 3234 inviti

1353 3556 1362 3563 .
1447 3501 1514 3564 sa
1550 3499 1624 3565 de
1661 3502 1896 3567 Graecis
1931 3550 1952 3578 ,
2013 3508 2077 3566 de

1353 3627 1362 3633 -
1445 3583 1645 3668 legere
1713 3586 1932 3650 malint
1984 3592 2110 3651 ὅτε.

1351 3792 1362 3797 ·
1442 3767 1654 3815 tamen

1448 3250 1657 3333 legant
1694 3297 1717 3326 ‚
1776 3258 1840 3316 de
1874 3258 1998 3318 Fin.
2086 3253 2235 3347 quid
2285 3251 2508 3315 habent
2561 3276 2667 3317 cur

1451 3333 1673 3398 Graeca
1709 3356 2083 3481 ant-{ponant
2117 3357 2191 3400 ns
2219 3354 2240 3410 ,·
2303 3356 2431 3417 quae
2467 3335 2664 3417 splen·
2706 3380 2707 3383 κ

1448 3415 1597 3481 dide·
1635 3417 1798 3483 dieta
2194 3442 2225 3481 e
2258 3418 2368 3480 sint
2410 3440 2661 3483 conver-

2157 3509 2236 3565 in.
2345 3501 2401 3563 ui
2442 3506 2661 3568 Gra-ca

2193 3584 2292 3671 qui
2388 3584 2458 3647 fit
2504 3589 2663 3649 edone

1448 3669 1708 3743 Graece,
1754 3670 1980 3734 Latine
2018 3671 2301 3752 voluptas
2342 3674 2467 3731 δίς.
2494 3716 2508 3731 .
2535 3715 2551 3729 .
2593 3675 2658 3733 δε

1750 3771 1858 3814 uto
1911 3753 2159 3816 concedi
2199 3749 2372 3814 nobis
2408 3771 2661 3833 oporte-

1853 3441 1941 3484 mt
1962 3468 1983 3496 ‚
2041 3441 2110 3483 ne

1448 3853 1553 3904 re,
1594 3853 1659 3897 ut
1746 3856 1906 3897 raeco
1941 3836 2127 3898 verbo
2161 3856 2404 3899 utamur
2443 3842 2568 3899 ὅτε.
2596 3883 2611 3897 .
2640 3884 2657 3898 .

1448 3917 1735 3979 Graecum
1764 3916 1954 3982 etiam
1989 3918 2235 3981 verbum
2268 3918 2572 4000 usurpavi.
2599 3966 2616 3981 .
2640 3966 2655 3980 .

1447 3999 1764 4082 multoque
1816 3999 2035 4064 melius
2086 4002 2215 4065 haec
2269 4020 2485 4065 notata
2528 4004 2656 4065 sunt

1447 4082 1647 4147 verbis
1683 4082 1924 4148 Latinis
1961 4130 1979 4158 ,
2043 4084 2226 4168 quam
2267 4084 2501 4149 Gra’cis
2525 4129 2546 4158 ,
2596 4107 2648 4165 3.

2823 1437 3022 1501 pretes
3059 1421 3418 1486 Po'e'tarum.
3443 1468 3459 1485 .
3485 1472 3502 1491 .
3548 1444 3614 1488 at
3645 1423 3687 1487 si
3718 1445 4035 1510 gramma·

2823 1501 3017 1566 ticum
3071 1506 3127 1568 se
3180 1502 3470 1588 professus
3520 1505 3783 1574 barbare
3819 1511 4036 1596 loqua-

2826 1603 2925 1649 tur
2961 1631 2983 1661 ,
3045 1606 3218 1671 turpe
3253 1588 3322 1652 sit
3364 1593 3487 1653 διε.
3515 1636 3532 1652 .
3557 1639 3574 1658 .
3637 1592 3880 1659 tradere
3910 1597 4034 1661 ele-

2825 1689 3036 1734 menta
3069 1664 3353 1755 loquendi
3395 1679 3518 1736 ὅτε.
3547 1721 3563 1737 .
3594 1722 3610 1738 .

2742 1752 3010 1817 Grandis
3031 1797 3051 1827 ,
3094 1776 3128 1817 e
3149 1800 3165 1827 ,
3209 1778 3445 1840 magnus
3463 1799 3486 1828 ,
3527 1761 3801 1823 immanis.
3846 1781 4029 1846 gran-

2823 1834 2986 1900 ditas
3020 1838 3362 1904 verb‘orum.
3417 1846 3435 1913 (
3468 1840 3552 1902 V.
3591 1843 3730 1933 App.
3761 1853 3778 1919 )

2743 1917 3213 2014 Grandiusculus
3248 1967 3268 1997 ,
3330 1926 3396 1986 &
3436 1922 3821 2005 grand1culus
3855 1974 3882 2005 ,
3936 1927 4034 1991 di-

2828 2023 3051 2069 minut.
3496 2025 3501 2028 ·

2744 2087 2942 2230 (irtam.
2962 2130 2983 2160 ,
3027 2088 3241 2152 animo
3271 2107 3474 2174 grat0.
3497 2137 3516 2155 .
3541 2137 3558 2156 .
3610 2091 3790 2175 grate
3825 2095 3892 2158 δι
3929 2092 4033 2177 pie

2856 2183 3047 2234 acere.

2742 2253 2963 2316 Grates
2998 2273 3174 2337 agere
3194 2299 3212 2328 ,
3254 2255 3319 2316 id
3343 2256 3413 2337 est
3433 2302 3452 2333 ,
3485 2262 3737 2339 gratias.

2743 2336 2967 2401 Gratia
3000 2383 3016 2409 ,
3081 2361 3162 2402 τε
3207 2343 3425 2402 animus·
3448 2358 3657 2423 gratus
3689 2340 3767 2409 ὼ·
3796 2344 4037 2426 Ῑκηςῇἀὲ

2824 2441 3030 2482 memor
3066 2465 3086 2494 ,
3162 2426 3422 2485 voluntas
3452 2425 3754 2505 ‘referenda
3789 2433 3993 2509 gratiae
4012 2472 4033 2500 ,

2814 2522 3015 2584 grates
3034 2548 3052 2574 ,
3092 2505 3405 2587 beneficium
3431 2548 3452 2578 ,
3476 2508 3659 2589 favor
3678 2554 3697 2582 ,
3741 2533 3920 2583 amor,
3938 2515 4033 2573 bo-

2823 2608 2899 2648 na
2923 2591 3142 2669 gratia.
3202 2589 3322 2672 (V.
3342 2594 3515 2671 App.)
3563 2593 3785 2674 quodsi
3801 2610 3908 2676 pro
3939 2596 4027 2656 a·

2824 2674 2950 2731 vino
2971 2671 3218 2752 beneficio
3241 2678 3446 2754 gratia
3460 2674 3727 2756 sternatur
3744 2720 3763 2748 ,
3794 2682 4025 2759 gratui-

2821 2769 2943 2813 tum
2976 2754 3044 2832 est
3079 2756 3276 2816 donum
3308 2778 3479 2838 neque
3514 2762 3723 2821 meritis
3738 2781 3904 2840 neque
3920 2783 4027 2822 na-

2822 2840 2998 2898 rurali
3027 2837 3392 2916 constitutioni
3418 2841 3655 2903 debitum
3676 2886 3694 2914 ,
3738 2843 3842 2923 seu
3875 2847 4028 2905 bene-

2807 2920 3007 3063 {cium
3073 2919 3151 2989 ὼ-
3190 2926 3391 3006 gratia
3439 2941 3649 2986 natura
3699 2931 3813 2987 vim
3871 2948 4027 2988 exce-

2868 3026 2969 3070 m.

2738 3083 3094 3152 Gratificari
3137 3133 3155 3162 ,
3213 3109 3286 3151 or
3325 3114 3341 3153 ε
3404 3088 3795 3174 gratificandi
3829 3090 4025 3156 facul-

2820 3188 2939 3236 tas,
2995 3178 3013 3242 (
3044 3171 3131 3233 V.
3174 3177 3360 3255 App.)

2733 3250 3132 3317 Gratificatio
3164 3300 3185 3330 ,
3262 3254 3396 3317 onis
3431 3277 3449 3319 ε
3516 3261 3715 3339 gratia
3749 3299 3770 3331 ,
3828 3259 4025 3343 bem-fi-

2810 3358 2973 3398 cmm.

2733 3419 3049 3482 Gratiosus
3072 3465 3091 3492 ,
3135 3444 3171 3485 a
3196 3466 3212 3492 ‚
3253 3443 3377 3486 um.
3431 3424 3454 3497 (
3481 3422 3568 3485 V.
3595 3424 3733 3505 App.
3763 3431 3783 3498 )

2731 3503 2980 3573 Gratis,
3025 3504 3315 3586 gratuito.
3374 3505 3490 3579 (V.
3533 3508 3703 3587 App.)

2731 3585 3062 3649 Gratitudo
3102 3633 3118 3659 ,
3181 3588 3296 3651 inis
3335 3632 3352 3660 ,
3404 3602 3563 3659 (vox
3604 3591 3839 3661 Senecae)
3891 3612 4023 3656 me-

2808 3670 3008 3732 moria
3046 3669 3318 3734 beneficii
3345 3716 3361 3742 ‚
3403 3688 3610 3751 gratus
3646 3671 3900 3737 animus,

2728 3753 3044 3815 Gratuitus
3082 3798 3100 3823 ‚
3163 3777 3199 3817 a
3242 3799 3260 3824 .
3320 3774 3462 3816 um:
3515 3754 3663 3845 (fine
3689 3762 3907 3837 premio
3940 3755 4023 3824 ὠ·

2809 3839 3089 3913 mercede)
3137 3836 3279 3919 quid
3320 3835 3656 3901 liberalitas
3705 3851 3727 3900 Ρ
3787 3837 4023 3921 gratui-

2808 3936 2947 3983 tane
2997 3918 3078 3982 est
3116 3962 3135 3989 ,
3196 3941 3271 3983 an
3326 3919 3700 3983 mercenaria
3744 3933 3765 3980 ἓ
3826 3920 3866 3982 si
3902 3920 4021 3985 sine
4098 3978 4115 3989 ,

2808 4002 3067 4083 praemio
3119 4000 3414 4087 benigna,
3466 4002 3547 4065 est
3606 4003 3916 4085 gratuita3
3978 4004 4020 4067 fi

2809 4107 2947 4150 cum
2985 4086 3258 4150 mercede
3279 4131 3297 4157 ,
3340 4084 3656 4149 condufia.
3682 4135 3697 4152 .
3725 4134 3742 4153 .

1446 4165 1600 4248 Tasb.
1647 4167 1988 4250 complures
2018 4189 2181 4230 emm
2220 4169 2454 4231 Gra-cis
2489 4168 2654 4229 insti·
2725 4170 2950 4234 Gratus
2971 4215 2990 4242 ,
3034 4193 3070 4233 a
3096 4214 3131 4242 ,
3158 4191 3281 4233 um.
3336 4173 3359 4250 (
3388 4169 3471 4232 V.
3510 4172 3648 4251 App.
3683 4176 3699 4241 )

1435 4248 1776 4337 ‚tutionibus
1810 4250 2032 4319 eruditi
2073 4257 2202 4322 διε.
2250 4270 2313 4321 1.
2331 4254 2396 4315 de
2418 4254 2567 4317 Nat.
2591 4259 2648 4319 8.
2724 4252 3350 4347 Gravate,dfffulter,
3382 4258 3538 4337 agre.
3583 4271 3705 4317 non
3738 4255 4012 4339 gravate.

1344 4388 1368 4417 ἦ
1451 4412 1460 4423 .

3861 4339 4019 4401 Gra-
