4585 5992
1363 634 1537 731 “136
2193 623 2266 702 L
2356 629 2421 704 E
2509 623 2588 703 X
2679 629 2715 702 1
2802 631 2869 706 C
2964 627 3043 703 O
3136 625 3220 704 N

1482 743 1811 820 Mandavi
1847 745 2197 819 memoriae
2251 769 2391 824 non
2444 767 2812 819 numerum
2866 741 3133 833 solum,
3182 743 3294 819 sed
3333 743 3532 818 etiam
3577 740 3889 818 ordinem
3934 769 4043 819 ar-

1373 863 1877 941 gumentorum
1909 863 2213 918 tuorum.
2243 847 2543 939 primum
2578 839 2711 916 fuit
2740 841 2901 916 cum
2936 843 3197 916 coelum
3234 837 3737 940 suspexissemus
3757 895 3779 929 ,
3820 842 4044 916 statim

1387 966 1515 1014 nos
1567 940 1939 1040 intelligere
1988 941 2118 1016 esse
2169 943 2253 1016 ali
2307 942 2448 1017 uod
2507 965 2763 1014 numen
2803 998 2826 1032 ,
2886 966 3030 1037 quo
3094 942 3242 1013 haec
3292 958 3611 1036 regantur
3671 937 3809 1008 δίε.
3862 958 3936 1104 ἃ.
3966 940 4046 1011 de

1381 1043 1562 1206 3275.
1604 1065 1716 1113 io.
1762 1039 1935 1113 mihi
1985 1064 2204 1114 unum
2275 1041 2398 1115 atis
2442 1057 2579 1113 erat
2608 1094 2631 1128 ,
2672 1038 2762 1112 ita
2804 1037 3000 1114 nobis
3052 1039 3347 1137 Majores
3392 1035 3658 1111 nostros
3685 1032 3861 1107 tradi
3911 1035 4050 1129 iffe,

1387 1158 1416 1205 τ
1453 1162 1479 1206 ι
1529 1191 1547 1210 .
1661 1203 1670 1208 -

1486 1236 1663 1310 Sane
1697 1239 1891 1313 restat
1927 1256 2005 1311 ut
2037 1237 2253 1336 qualis
2305 1239 2335 1323 (
2363 1233 2550 1319 Dei)
2601 1255 2834 1308 natura
2888 1232 2968 1305 fit
3006 1232 3544 1306 confideremus.
3582 1231 3655 1303 in
3708 1247 3836 1304 ‘uo
3876 1231 4045 1309 nihil

1384 1330 1489 1406 'est
1527 1331 1871 1410 difficilius
1911 1335 2120 1432 quam
2159 1334 2197 1406 a
2232 1331 2716 1406 consuetudine
2749 1330 3113 1403 oculorum
3158 1329 3367 1428 aciem
3412 1328 3654 1402 mentis
3690 1255 4044 1406 abducere.

1381 1455 1464 1506 ea
1484 1430 1843 1510 difficultas
1880 1432 2152 1505 induxit
2185 1430 2498 1528 &vulgo
2533 1424 3233 1525 imperitos&s1miles
3277 1425 3733 1521 Philosophos
3774 1425 4045 1523 imperi-

1381 1546 1664 1620 torum,
1716 1553 1793 1607 ut
1829 1529 1949 1602 nifi
1990 1528 2229 1629 figuris
2267 1525 2633 1599 hominum
2671 1524 3048 1596 constitutis
3085 1521 3257 1594 nihil
3292 1520 3552 1620 poffent
3596 1520 3685 1596 de
3744 1526 3872 1599 diis
3913 1528 4042 1602 im-

1393 1626 1796 1702 mortalibus
1836 1627 2156 1726 cogitare.
2187 1623 2384 1720 cujus
2423 1621 2761 1722 opinionis
2794 1617 3032 1694 levitas
3066 1618 3414 1719 confutata
3447 1617 3487 1693 ὲ
3522 1620 3734 1695 Cotta
3757 1649 3893 1696 non
3924 1627 4043 1701 de-

1388 1721 1637 1795 fiderat
1669 1726 2042 1796 orationem
2079 1741 2321 1791 meam.
2359 1719 2468 1792 sed
2509 1716 2672 1794 cum
2702 1718 2905 1792 talem
2940 1720 3069 1792 effe
3104 1718 3339 1792 Deum
3366 1719 3573 1793 -certfi-
3606 1720 3871 1794 notione
3897 1725 4040 1797 ani.

1391 1820 1491 1891 mi
1532 1819 2070 1913 praesontiamuS,
2120 1814 2424 1914 primum
2462 1836 2538 1890 ut
2575 1815 2655 1888 fit
2685 1816 2987 1889 animans
3010 1872 3029 1901 ,
3070 1814 3325 1890 >deinde
3362 1837 3440 1890 ut
3472 1816 3544 1887 in
3581 1819 3768 1891 omni
3805 1823 4049 1896 natura

1392 1918 1566 1990 nihil
1608 1943 1693 1990 eo
1751 1916 1830 1988 sit
1873 1916 2338 2013 prxstantius‚
2390 1914 2561 1987 nihil
2611 1913 2815 1986 video
2855 1913 3044 2011 quod
3100 1917 3244 1998 (ad
3284 1929 3585 1985 naturam
3611 1915 3764 2002 dei)
3814 1915 4043 2012 potius

1394 2013 1951 2101 accommodem,
1996 2038 2065 2085 2.
2107 2011 2181 2078 de
2226 2016 2396 2082 Nat.
2430 2012 2532 2082 D.
2565 2031 2686 2105 45.
2734 2009 2871 2084 fine
2905 2033 3194 2110 corpore
3245 2013 3393 2085 ullo
3440 2011 3673 2085 Deum
3716 2014 3869 2086 vult
3914 2015 4044 2089 ess’e

1399 2112 1716 2196 (Plato.)
1769 2109 2006 2190 Graeci
2040 2106 2282 2180 dicunt
2302 2106 2628 2198 α’σῶματον
2668 2161 2689 2195 ,
2749 2133 2806 2181 1.
2836 2111 2910 2179 de
2943 2114 3114 2180 Nat.
3153 2129 3262 2207 30.
3315 2109 3511 2182 Deus
3542 2109 3679 2208 qua
3714 2106 3885 2185 facie
3923 2109 4042 2208 fit,

1385 2226 1514 2280 -aut
1542 2208 1665 2280 ubi
1701 2206 1989 2297 habitet,
2041 2230 2125 2278 ne
2162 2205 2609 2301 quaercndum
2651 2206 2929 2299 quidem
2954 2205 3094 2296 est,
3140 2231 3176 2277 -ι
3197 2264 3212 2280 .
3242 2201 3419 2298 Tust.
3448 2214 3568 2303 67.
3979 2212 3994 2224 “

1493 2304 1730 2378 Deum
1762 2303 1887 2377 nisi
1917 2302 2396 2399 sempiternum
2449 2302 2822 2401 intelligere
2865 2307 2989 2402 qui
3032 2302 3423 2402 possumus,
3461 2305 3733 2402 daNat.
3769 2308 3890 2382 26.
3917 2305 4042 2385 fint

1400 2402 1557 2478 sane
1591 2429 1677 2477 ex
1704 2402 1968 2477 atomis.
2014 2397 2154 2472 non
2201 2400 2410 2499 igitur
2454 2408 2706 2474 aeterni.
2753 2403 2942 2497 quod
2991 2401 3175 2473 enim
3220 2425 3308 2474 ex
3350 2403 3586 2478 atomis
3632 2402 3716 2477 fit
3753 2461 3777 2496 ‚
3817 2404 3891 2478 id
3926 2431 4043 2481 na·

1400 2521 1551 2575 tum
1599 2498 1962 2598 aliquando
2009 2496 2108 2569 fit.
2145 2495 2194 2567 fi
2229 2516 2505 2589 natum,
2557 2496 2726 2569 nulli
2762 2499 2854 2569 dii
2903 2497 3260 2596 antequam
3308 2500 3467 2573 nati.
3505 2502 3581 2575 δε
3625 2498 3678 2572 fi
3723 2521 3909 2577 ortus
3945 2502 4044 2577 est

1401 2600 1756 2689 Deorum,
1792 2595 2097 2669 interitus
2133 2592 2213 2666 fit
2247 2596 2499 2668 necess'e
2527 2594 2641 2667 est·
2683 2593 2801 2666 ubi
2844 2595 3052 2704 igitur
3099 2596 3272 2669 illud
3319 2597 3616 2670 vestrum
3664 2597 3937 2692 beatum
3969 2602 4043 2675 &

1393 2695 1789 2771 aeternum?
1891 2691 2090 2767 uibus
2136 2690 2407 2765 duobus
2453 2690 2675 2765 verbis
2723 2690 3107 2791 significatis
3153 2695 3388 2767 Demn
3420 2750 3442 2784 ,
3511 2717 3569 2768 1.
3605 2694 3680 2764 de
3713 2698 3889 2770 Nat'.
3928 2698 4043 2772 68.

1381 2797 1701 2898 ‘cogitant
1730 2788 1839 2867 assi
1892 2790 1978 2863 ue
2018 2789 2245 2862 beatos
2292 2788 2421 2862 effe
2472 2790 2556 2862 se.
2606 2787 2854 2863 habent
2897 2790 3081 2863 enim
3131 2790 3300 2864 nihil
3349 2791 3532 2865 aliud
3576 2792 3763 2890 quod
3796 2821 3830 2867 a
3889 2793 4046 2869 'tent

1401 2891 1476 2967 in
1522 2913 1765 2967 mente.
1812 2885 2318 2985 comprehende
2362 2887 2570 2984 igitur
2618 2887 2845 2986 animo
2876 2888 2951 2962 ὃ(
2996 2912 3303 2985 propone
3348 2907 3499 2963 ante
3538 2891 3771 2963 oculos
3812 2945 3813 2948 ,
3921 2913 4041 2962 um

1400 2991 1572 3066 nihil
1607 2987 1788 3063 aliud
1824 2989 1895 3061 in
1927 2984 2117 3059 omni
2156 2984 2558 3076 aeternitate,
2601 2981 2725 3055 nisi
2759 2983 2919 3055 mihi
2935 2985 3195 3078 pxdchre
3226 2984 3310 3080 est
3342 2991 3420 3063 ὠ·
3449 3010 3551 3082 ego
3571 3022 3574 3026 ’
3597 2986 3804 3063 beatus
3850 2986 4040 3082 fiam,

1398 3092 1812 3193 cogitantem
1853 3141 1876 3176 ,
1954 3109 2015 3155 1.
2053 3082 2128 3151 de
2160 3086 2333 3154 Nat.
2384 3107 2455 3153 11
2461 3107 2544 3252 ἶ
2603 3080 2694 3155 fic
2752 3083 2946 3156 Deus
3002 3083 3117 3157 ille
3177 3103 3463 3157 aeternus
3510 3084 3694 3157 hunc
3829 3084 4042 3159 rfcffi

1394 3188 1677 3263 beatum
1718 3184 1952 3254 Deum
1990 3180 2409 3277 procreavit:
2488 3180 2569 3253 ed
2609 3179 2915 3254 animum
2956 3180 3137 3254 haud
3174 3180 3306 3273 ita,
3347 3181 3421 3250 de
3455 3183 3656 3252 Univ.
3719 3206 3741 3253 1
3810 3240 3827 3256 .
3874 3188 3915 3275 (
3947 3180 4042 3253 dei

1345 3302 1360 3311 ’
1403 3306 1616 3358 nomen
1652 3283 1763 3370 ipst
1796 3276 2017 3349 mundo
2053 3276 2142 3345 ibi
2180 3277 2502 3349 tribuitur.
2541 3290 2568 3357 )
2623 3278 2851 3351 demta
2899 3276 3263 3352 aeternitate
3298 3275 3514 3352 nihilo
3567 3278 3828 3355 beatior
3855 3279 4044 3377 Jupi-

1406 3402 1551 3471 ter,
1597 3374 1804 3475 quam
1850 3374 2231 3471 Epimrm,
2275 3397 2341 3445 2.
2383 3375 2456 3443 de
2494 3379 2630 3447 Pin.
2674 3373 2787 3447 88.

1501 3478 1679 3551 Non
1715 3472 1892 3544 deest
1933 3470 2243 3544 hocloco
2273 3472 2472 3568 copia
2514 3473 2894 3561 rationum,
2939 3470 3190 3570 quibus
3207 3469 3449 3546 docere
3476 3470 3697 3545 velitis
3722 3470 4040 3546 humanas

1404 3575 1530 3652 elle
1566 3572 1816 3646 forinas
1855 3570 2165 3643 Deorum
2212 3569 2371 3642 &ck
2398 3592 2421 3638 1
2440 3626 2455 3641 .
2501 3570 2576 3639 de
2620 3575 2790 3639 Nat.
2832 3572 2943 3661 76.
2993 3569 3255 3664 (deinde
3295 3569 3405 3639 hoc
3428 3567 3808 3664 refellitur.)
3857 3566 4040 3667 quod

1404 3672 1566 3746 cum
1613 3667 1874 3741 efficere
1908 3667 2115 3739 vultis
2137 3723 2159 3753 ,
2206 3664 2275 3736 in
2319 3666 2591 3739 dumeta
2626 3668 2991 3762 correpitis.
3029 3667 3117 3740 ita
3144 3667 3326 3739 enim
3368 3665 3633 3741 dicebas
3655 3723 3680 3757 ,
3723 3689 3865 3738 non
3897 3690 4044 3739 cor-

1404 3793 1534 3867 pus
1568 3765 1698 3838 esse
1720 3764 1789 3834 in
1829 3763 2028 3852 De0,
2079 3760 2189 3834 sed
2217 3761 2401 3859 quasi
2438 3788 2729 3860 corpus;
2775 3789 2898 3837 nec
2938 3762 3364 3863 sanguinem,
3407 3760 3518 3837 sed
3546 3759 3736 3860 quali
3786 3761 4041 3861 sangui-

1405 3889 1607 3951 nem,
1657 3859 1808 3932 ibid.
1843 3858 1958 3930 68.
2011 3857 2100 3929 sic
2138 3862 2321 3931 enim
2360 3860 2624 3933 dicebas
2668 3859 2951 3957 speciem
2987 3861 3094 3934 dei
3124 3860 3378 3961 percipi
3408 3861 3857 3963 cogitatione,
3907 3882 4045 3931 non

1405 3961 1637 4045 sensu3
1679 3982 1808 4029 nec
1841 3955 1969 4027 esse
2001 3956 2067 4027 in
2103 3957 2176 4027 ea
2209 3958 2418 4029 ullam
2463 3958 2898 4046 soliditatem,
2949 3983 3169 4055 neque
3205 3957 3509 4032 eamdem
3551 3958 3635 4031 ad
3682 3979 4042 4030 numerum

1406 4079 1841 4159 permanere,
1885 4076 2171 4147 eamque
2224 4054 2353 4126 effe
2400 4059 2540 4151 ejus
2592 4053 2915 4131 visionem
2965 4076 3040 4128 ut
3094 4052 3525 4130 fimilitudine
3564 4057 3637 4129 &
3670 4053 4047 4126 transitione

1395 4174 1717 4247 cernatur
1750 4209 1771 4242 ,
1841 4170 1899 4219 1.
1936 4150 2010 4220 de
2049 4155 2220 4222 Nat.
2267 4158 2426 4223 106.
2473 4157 2548 4228 δε
2583 4176 2705 4251 49.
2755 4154 3046 4225 Animus
3097 4154 3170 4225 δε
3204 4152 3423 4229 forma
3463 4155 3536 4230 &
3573 4155 3712 4230 vita
3760 4152 3837 4226 &
3876 4150 4045 4229 astio

1405 4253 1649 4338 mentis
1682 4270 1886 4350 atque
1915 4246 2187 4358 agitatio
2199 4247 2299 4327 ‘ini
2335 4248 2491 4324 Deo
2511 4309 2533 4349 ‚
2591 4276 2650 4322 1.
2683 4250 2757 4321 de
2789 4256 2961 4331 Nat.
2999 4272 3117 4348 45.
3490 4252 3495 4257 ’
3816 4344 3887 4425 D

3888 4365 4047 4423 cum
