4585 5992
1471 831 1647 891 cimon
1667 867 1690 899 ,
1730 819 2038 906 clartffi'mis
2087 817 2450 882 monumentis
2492 810 2688 892 testata

1471 933 1572 975 con
1595 921 1895 992 ignaraque
1930 909 2252 978 auc‘lorjtas.
2319 905 2341 982 (
2370 898 2456 960 V.
2492 898 2633 979 App.
2660 902 2680 970 )

1472 993 1551 1063 &⁶
1587 992 1885 1056 haec'adde:
1975 988 2108 1051 lena
2155 981 2576 1065 exemplorum
2610 975 2688 1040 est

1471 1075 1766 1148 historia,
1813 1091 1869 1137 1.
1994 1073 2274 1133 ’Divinat.
2301 1114 2317 1133 .
2345 1114 2359 1129 .
2405 1075 2588 1147 atque
2622 1083 2689 1123 u-

1471 1159 1877 1242 niuscujusque
1890 1145 2693 1237 constitutionisexemplum

1471 1245 1807 1326 supponere
1841 1258 1961 1302 non
1997 1255 2412 1322 gravaremur.
2440 1278 2454 1293 .
2482 1277 2497 1292 .
2540 1227 2688 1292 tali-

1473 1328 1582 1391 bus
1611 1324 1905 1407 exemplis
1937 1343 2059 1385 non
2095 1320 2245 1383 5&ae
2284 1314 2485 1378 solum
2512 1310 2687 1375 fabu-

1477 1410 1552 1472 1ae
1576 1455 1597 1485 ‚
1640 1409 1856 1474 verum
1904 1405 2096 1468 etiam
2149 1400 2410 1464 historiae
2449 1391 2684 1459 refertae

1471 1496 1605 1557 funt
1625 1539 1645 1569 ,
1692 1512 1747 1569 5.
1784 1493 1846 1553 de
1879 1487 2003 1550 Fin.
2052 1487 2233 1570 plena
2266 1478 2686 1562 exemplorum

1471 1577 1553 1642 est
1604 1575 1807 1640 nostra
1861 1572 2051 1653 Resp.
2108 1569 2254 1633 cum
2296 1563 2453 1647 saepe
2491 1561 2687 1636 alias»,

1476 1677 1607 1724 tum
1650 1664 1775 1725 &c.
1799 1705 1816 1722 .
1843 1702 1858 1719 .
1902 1669 2115 1718 eorum
2152 1651 2359 1740 igitur·
2387 1669 2512 1731 quae
2556 1651 2685 1713 διε.

1471 1742 1756 1826 exempla
1807 1755 2163 1823 ponamus».
2192 1789 2207 1802 .
2273 1750 2437 1813 cujus
2486 1749 2689 1793 exem-

1524 1825 1648 1889 lum
1698 1824 1766 1888 sit
1818 1824 1938 1886 hoc
1990 1818 2373 1904 expositum,
2421 1831 2476 1878 2.
2516 1813 2684 1876 Rhet.

1469 1845 1597 1974 Boc
1614 1909 1741 1999 jam
1760 1925 1927 1971 vetus
1945 1905 2052 1979 est,
2076 1909 2141 1967 δε
2166 1901 2468 1982 majorum
2490 1918 2693 1961 exem-

1473 1991 1588 2077 plo
1621 1991 1829 2056 multis
1881 1989 1942 2050 in
2002 1987 2172 2051 rebus
2221 1983 2500 2046 usitatum
2534 2026 2556 2053 ,
2590 1997 2695 2063 pro

1476 2077 1674 2138 Cecin.
1698 2092 1800 2151 45.
1846 2072 2132 2135 contineo
2166 2087 2261 2129 me
2289 2064 2367 2128 ab
2400 2063 2695 2144 exemplis

1851 695 2328 779 LssxlcoN
2372 645 3259 771 PHILOEOPHICUM.
3394 683 3560 759 Ex.

2828 809 2969 868 ac‘i't'o
2994 849 3010 877 ‚
3055 804 3338 866 meditatio
3358 846 3381 876 ,
3422 807 3811 869 commentatio
3844 849 3866 881 ‚
3909 828 4043 872 con-

2812 889 3049 972 fitetudo
3071 932 3092 962 ,
3136 886 3294 948 ludus
3328 930 3347 960 ‚
3403 883 3666 964 industria
3703 931 3721 962 ,
3764 894 4004 972 agitatio
4026 922 4051 958 .-

2830 975 3109 1035 curricula
3125 973 3347 1031 mentis.
3408 969 3774 1035 exercitatio
3809 976 4052 1061 ususque

2830 1054 3093 1124 dicendi.
3124 1105 3140 1124 .
3166 1099 3182 1119 .
3226 1055 3328 1115 usu
3384 1057 3452 1117 &
3506 1053 3962 1124 exercitatione.
3986 1109 4001 1125 .
4028 1110 4050 1130 .

2833 1140 3197 1204 consuetudo
3244 1135 3761 1221 exercitatioque,
3788 1189 3807 1211 ,
3851 1142 4052 1210 medi-

2830 1225 3063 1287 tatione
3101 1229 3166 1287 δί
3204 1219 3662 1285 exercitatione.
3686 1270 3701 1288 .
3726 1273 3744 1291 .
3788 1221 4054 1291 deexer..

2832 1306 3128 1370 citatione
3180 1309 3243 1368 δι’
3299 1303 3715 1369 consuetudine
3769 1311 3835 1372 δε
3870 1331 4053 1374 com-

2830 1389 3206 1453 mentatione
3257 1385 3409 1455 dixi.
3439 1435 3453 1453 .
3478 1437 3495 1454 .
3574 1389 3822 1454 tantum
3879 1415 4055 1459 exer-

2830 1471 3054 1538 citatio
3081 1518 3098 1546 ,
3143 1469 3509 1547 meditatio,
3552 1473 3920 1540 consuetudo
3943 1501 4056 1544 va-

2828 1553 2935 1620 let.
2963 1605 2977 1621 .
3002 1603 3018 1621 .
3067 1556 3181 1620 fine
3216 1557 3317 1618 usu
3356 1560 3422 1618 &
3474 1557 3914 1625 exercitatione
3958 1562 4054 1626 ni-

2786 1671 2789 1672 r
2828 1639 2919 1700 hil
2957 1639 3235 1736 consequi
3256 1637 3581 1721 possumus,
3607 1688 3623 1704 .
3648 1692 3666 1709 .
3710 1644 3880 1704 usum
3897 1666 4051 1729 quo-

2832 1743 2945 1805 que
2979 1722 3598 1805 exercitationemque
3644 1722 3953 1793 desiderat.
3982 1778 3999 1793 .
4028 1776 4046 1793 .

2830 1805 2942 1870 sed'
2967 1825 3259 1892 magnam
3290 1804 3789 1871 exercitationem
3808 1832 3898 1874 res
3932 1811 4048 1877 fl'a-

2832 1889 3058 1973 gitat..
3086 1942 3103 1961 .
3167 1891 3399 1973 seseque
3455 1889 3823 1973 quotidianis
3870 1915 4050 1958 com-

2835 1973 3311 2039 mentationibus
3349 1973 3651 2038 acerrime
3706 1977 4048 2047 exercuit...

2835 2058 3228 2143 quotidieque
3265 2064 3330 2124 &
3366 2055 3630 2121 scribens
3652 2102 3672 2132 ,
3723 2064 3788 2124 δε
3827 2060 3883 2126 le
3925 2083 4054 2138 επις,

1476 2158 1752 2231 (ἱππεὶς,
1798 2174 1855 2220 2.
1891 2155 1954 2215 de
1988 2156 2114 2217 Fin.
2157 2147 2487 2229 fimilesque
2536 2149 2693 2222 sunt,
2838 2145 2905 2214 ,δι’
2942 2162 3363 2207 commentans
3386 2187 3409 2216 ‚
3454 2144 3621 2205 Orat.
3659 2140 3739 2209 ὡ·
3778 2160 3832 2208 1.
3969 2149 4052 2209 ο-

1474 2258 1544 2302 ut
1577 2239 1618 2301 fi
1650 2240 1753 2324 qui
1793 2233 1918 2302 διε.
1945 2285 1961 2306 .
1985 2283 2001 2301 .
2047 2256 2112 2299 ut
2150 2231 2191 2294 fi
2229 2230 2362 2316 quis
2402 2235 2527 2296 ὅτε.
2567 2230 2691 2294 utfi
2831 2241 3022 2288 ratore
3070 2250 3121 2288 c.
3148 2246 3205 2303 7.
3291 2225 3468 2310 (Wde
3499 2228 3670 2286 etiam
3706 2227 3894 2310 App.)
3948 2250 4055 2293 ca-

1475 2320 1941 2406 unumquodque
1980 2316 2321 2383 membrum
2360 2318 2487 2381 &a
2526 2332 2591 2377 ut
2629 2336 2691 2378 e·
2832 2325 2941 2451 gut
2977 2330 3179 2375 autem
3215 2309 3297 2375 est
3338 2307 3865 2393 quamplurimum
3901 2313 4056 2376 scri-

1474 2405 1608 2468 nim
1641 2408 1773 2469 sunt
1811 2402 1911 2487 qui
1952 2406 2076 2466 &a
2112 2402 2191 2465 fic
2241 2398 2501 2480 reperies
2535 2397 2691 2461 mul·
2874 2411 2988 2457 ere.
3014 2442 3029 2460 .
3055 2440 3072 2459 .

1472 2506 1614 2564 τος,
1660 2487 1871 2573 quibus
1908 2490 2036 2553 δίε.
2063 2532 2078 2548 .
2103 2532 2118 2550 .
2161 2500 2342 2566 atque
2357 2495 2423 2545 ut
2464 2480 2690 2546 &edic
2749 2472 3109 2568 Exefcitum
3175 2475 3220 2538 ii
3258 2498 3274 2537 τ
3356 2480 3522 2550 (VOX
3576 2476 3790 2556 Gellii)
3875 2499 4048 2543 exet-

1475 2577 1607 2641 &c.
1644 2594 1717 2637 ac
1758 2568 1956 2633 multo
1992 2589 2095 2633 ma
2141 2567 2215 2634 iS.
2252 2615 2267 2633 .
2291 2614 2309 2632 .
2356 2585 2465 2628 nec
2486 2584 2690 2630 tamen
2833 2561 3094 2634 citati0,
3139 2556 3309 2622 ludus
3343 2603 3362 2631 ,
3407 2579 3504 2622 ars
3526 2603 3542 2630 ‚
3586 2558 3874 2630 industria
3903 2608 3925 2639 ‚
3980 2585 4053 2626 o-

1470 2675 1539 2718 ut
1574 2657 1694 2719 hoc
1732 2658 1860 2722 &c.
1902 2652 1994 2715 ita
2046 2673 2082 2715 a
2184 2650 2342 2711 hunc
2393 2647 2689 2724 modum,
2832 2659 2978 2722 pus,
3007 2639 3561 2725 munuS,agitatio.

1468 2759 1534 2802 ut
1576 2743 1703 2803 δίς.
1730 2785 1745 2801 .
1772 2787 1788 2806 .
1838 2755 2020 2819 atque
2055 2754 2122 2798 ut
2141 2732 2204 2796 in
2244 2735 2369 2796 δερ.
2410 2730 2488 2795 fic
2511 2738 2684 2799 δίε...
2753 2724 3071 2820 Exercitus
3102 2771 3126 2803 ,
3170 2727 3238 2790 fis
3276 2749 3292 2788 ι
3362 2748 3560 2789 manus
3598 2769 3621 2801 ,
3679 2732 3857 2812 copie.
3911 2728 4053 2803 (V.

1467 2822 1696 2886 etenim
1716 2840 1781 2884 ut
1808 2823 1931 2885 ὅτε.
1972 2818 2069 2886 fic.
2097 2865 2114 2882 .
2138 2864 2154 2882 .
2195 2813 2475 2879 {imiliter
2511 2812 2688 2889 facit,
2829 2811 3029 2892 App.)

1473 2924 1539 2969 ut
1575 2905 1652 2970 fic
1711 2910 1837 2968 ὅτε.
1863 2953 1881 2973 .
1905 2951 1921 2968 .
1972 2923 2038 2965 ut
2079 2905 2205 2970 &a
2252 2904 2320 2962 &
2375 2897 2501 2962 alia
2537 2900 2686 2981 ejus·
2749 2889 2988 2967 Exero,
3032 2915 3234 2958 erere:
3271 2893 3547 2978 proferre
3582 2939 3603 2969 ,
3647 2894 3818 2960 edere
3842 2941 3865 2971 ,
3906 2920 4046 2963 exe-

1472 2988 1614 3054 dem
1649 2986 1903 3074 generis.
1929 3034 1943 3051 .
1969 3034 1984 3050 .
2028 2981 2297 3066 exempli
2349 2981 2526 3047 causa
2572 3004 2686 3067 po·
2829 2996 2958 3041 rere
2993 2996 3221 3060 caput,
3264 2980 3465 3043 ensem
3503 3025 3521 3052 ,
3593 2978 3866 3063 linguam
3913 2988 4043 3047 διε.

1470 3094 1651 3139 natur
1667 3071 1752 3138 ali
1799 3072 1902 3136 uid
1926 3069 2087 3154 quod
2109 3086 2320 3152 pateat
2344 3064 2534 3130 latius
2556 3072 2682 3135 dcc.
2746 3058 2949 3143 Exigo
2970 3105 2992 3134 ‚
3034 3063 3169 3127 ere}
3209 3085 3340 3149 cogo
3358 3107 3381 3139 ,
3416 3063 3625 3146 pqstulo
3642 3065 3879 3148 5flagito
3899 3112 3920 3143 ,
3947 3089 4052 3130 ea·-

1471 3155 1533 3219 in
1562 3177 1776 3238 exemp
1801 3177 1846 3233 o
1879 3154 1959 3218 est
1999 3159 2123 3217 δερ.
2166 3149 2432 3230 'exempli
2457 3150 2683 3232 gratifi,
2830 3162 3079 3228 torqueo.
3738 3174 3747 3179 ἡ

1471 3240 1513 3302 fi
1540 3246 1663 3305 ἃς.
1691 3238 1859 3304 verbi
1897 3235 2096 3300 causi.
2124 3281 2137 3297 .
2165 3285 2180 3301 .
2216 3233 2384 3295 verbi
2409 3233 2683 3324 gratia...
2752 3226 3058 3291 Exinanio
3094 3275 3113 3304 ,
3174 3231 3480 3293 exhaurio.-
3527 3231 3555 3311 (
3585 3231 3675 3293 V.
3715 3230 3906 3313 App.)
3956 3230 4050 3294 vei

1472 3321 1572 3385 fic.
1599 3367 1655 3384 ..
1704 3319 1869 3405 quod
1923 3337 2103 3402 genus
2149 3360 2170 3390 ,
2214 3335 2466 3397 pecunia
2497 3316 2596 3384 est.
2624 3363 2640 3381 .
2667 3368 2683 3386 .
2829 3311 3123 3375 humilem
3178 3317 3243 3376 &
3299 3313 3599 3395 abjectum
3652 3312 3838 3375 reddo
3874 3358 3896 3386 ,
3941 3314 4055 3377 ab·

1472 3405 1595 3486 ejus
1633 3420 1636 3421 ’
1667 3402 1859 3468 eneris
1914 3402 2004 3463 hae
2057 3402 2188 3463 sunt
2230 3399 2598 3480 quaestiones.
2628 3451 2643 3468 .
2669 3447 2684 3463 .
2828 3393 3047 3476 jestum
3080 3395 3231 3460 fieri.
3284 3400 3307 3480 (
3329 3396 3568 3479 Chr-{lius
3618 3400 3927 3458 exinanivit
3948 3398 4053 3479 fi·-

1472 3510 1546 3552 ea
1598 3423 1678 3551 eit
1730 3482 2092 3567 hujusmodi.
2114 3533 2128 3549 .
2150 3530 2166 3546 .
2214 3482 2332 3545 hoc
2386 3482 2595 3546 modo.
2624 3533 2640 3550 .
2670 3533 2685 3551 .
2831 3480 3140 3559 metepfiam,
3170 3490 3191 3557 )

1471 3569 1806 3652 cujusmodi
1828 3574 1956 3635 sunt
1980 3613 1998 3642 ‚
2019 3587 2146 3653 quae
2171 3570 2341 3657 &cv
2371 3616 2386 3632 .
2427 3565 2506 3630 ad
2531 3567 2688 3630 hunc
3000 3561 3011 3570 '

1471 3653 1748 3723 modum.
1771 3703 1786 3721 .
1811 3702 1827 3720 .
1877 3660 1942 3717 &
1979 3671 2269 3734 tanquam
2298 3648 2488 3712 animi
2508 3649 2692 3712 instar

1472 3740 1538 3802 in
1571 3758 1852 3820 corpore.
1879 3785 1894 3803 .
1917 3785 1932 3802 .
1980 3736 2158 3798 velut.
2196 3784 2212 3800 .
2239 3782 2254 3798 .
2301 3734 2425 3815 ejus
2459 3732 2693 3817 generis
2752 3734 2790 3773 ’Ψ
2814 3729 3160 3810 Extstentia,
3202 3753 3240 3793 ι
3279 3760 3299 3793 .-

2304 3816 2315 3827 ’
2437 3816 2448 3825 ’
2835 3811 2960 3887 rei,
3004 3834 3069 3875 ut
3104 3812 3207 3876 est.

2750 3893 3196 3960 Existimandus
3221 3942 3238 3969 ‚
3282 3921 3319 3963 a
3353 3941 3371 3970 ,
3412 3918 3539 3959 um.
3584 3896 3645 3958 in
3696 3893 4055 3959 existiman-

2832 3977 2913 4042 do
2947 3978 3289 4043 admodum
3322 3977 3601 4061 prudens,
3629 4026 3645 4043 .
3672 4025 3687 4041 .
3733 3977 3811 4042 ad
3828 4000 4049 4041 unam-

2831 4084 3132 4148 quamque
3167 4084 3296 4127 rem
3331 4059 3886 4127 existimandam&
3907 4083 4047 4123 mo-

2827 4166 3038 4210 mento
3071 4149 3176 4212 suo
3214 4145 3691 4229 ponderandam.
3718 4195 3734 4212 .
3757 4195 3774 4212 .

2745 4231 3117 4299 Existimans
3139 4275 3158 4304 ,
3200 4230 3302 4295 tiS.
3337 4231 3531 4295 homo
3582 4231 3708 4313 ipse
3742 4228 3816 4292 de
3852 4229 3911 4292 se
3944 4224 4054 4291 be-

2826 4316 2902 4384 ne}
2936 4314 3280 4383 existimans
3297 4358 3322 4394 ,
3363 4316 3593 4399 seseque
3627 4310 3886 4397 diligens
3914 4355 3937 4386 ,
3984 4326 4045 4389 3.

3926 4391 4047 4481 off-

2750 3559 3121 3627 Exinanitus
3149 3609 3171 3638 ‚
3218 3585 3256 3627 a
3280 3607 3297 3635 ‚
3340 3585 3482 3627 um:
3525 3562 3809 3646 exhaustus
3844 3607 3868 3638 ,
3907 3566 4063 3647 quod

2830 3669 3065 3707 vacuum
3098 3650 3365 3711 redditur.

3359 3728 3557 3811 ipsum
3590 3726 3701 3792 esse
3740 3775 3763 3804 ‚
3824 3749 4049 3794 natura

1471 3822 1607 3884 haec
1643 3822 1795 3889 sunt.
1822 3870 1838 3888 .
1866 3865 1880 3881 .
1927 3818 2089 3901 cujus
2120 3836 2351 3899 generis
2370 3836 2561 3879 etiam
2581 3815 2691 3885 illa
3546 3850 3553 3858 ψ

1473 3904 1646 3976 sunt,
1692 3925 1821 3987 quae
1880 3907 2006 3967 dte.
2066 3920 2202 3963 mos
2257 3899 2564 3982 majorum
2623 3904 2689 3964 δι

1475 3987 1778 4069 exempla.
1803 4035 1821 4055 .
1848 4033 1865 4054 .

1392 4077 1438 4121 Χ
1457 4075 1750 4153 Exemptio
1771 4116 1791 4145 ,
1833 4071 1988 4132 onis:
2028 4067 2310 4153 exceptio
2333 4113 2353 4141 ,
2386 4067 2484 4132 vel
2503 4066 2687 4130 liber-

1477 4176 1574 4219 tas
1596 4199 1617 4229 ,
1659 4152 2012 4217 immunitas
2046 4199 2068 4228 ,
2129 4151 2399 4218 vacatiO.
2425 4198 2441 4216 .
2465 4199 2481 4216 .
2526 4151 2686 4215 exle-

1475 4259 1613 4329 gem
1647 4236 1758 4302 effe
1778 4284 1798 4313 ,
1829 4256 1935 4324 pro
1963 4241 2049 4301 Cl.
2090 4255 2184 4313 94.

1393 4310 1783 4393 Exercitatio
1818 4367 1843 4401 ,
1901 4322 2035 4389 onis
2068 4341 2086 4386 ε
2146 4320 2273 4406 ustas
2309 4362 2333 4399 ,
2373 4321 2638 4386 tractatio
2664 4361 2685 4396 ,
