4585 5992
1398 639 1558 738 ξιὸ
1799 643 1928 654 ”
2216 631 3249 720 LE'XICON

1507 756 1845 836 Condoce
1884 756 2012 836 effe
2057 756 2248 836 Deos
2300 761 2329 847 (
2350 754 2633 837 Deum.)
2681 754 2853 831 doce
2890 777 3001 829 me
3040 755 3247 857 igitur
3282 749 3470 828 unde
3505 747 3683 842 lint,
3725 747 3850 826 ubi
3888 747 4068 839 fint4
4180 821 4193 830 .

1465 857 1646 930 uales
1684 858 1823 932 fine
1853 881 2160 956 corpore.
2201 857 2350 947 haec
2374 855 2559 927 enim
2601 851 2779 952 scire,
2798 850 3098 930 desidero
3124 889 3151 945 ‚⁴
3198 877 3265 924 -1.
3300 849 3375 920 de
3402 850 3574 928 Nat.
3600 847 3718 941 65·
3766 848 3958 922 Deos
3975 848 4071 922 efi-

1363 1029 1368 1034 ,
1443 955 1759 1124 c6natura
1793 956 2155 1051 opinamur
2191 982 2214 1044 3
2271 945 2633 1053 qualesque
2684 951 2815 1026 fint
2869 948 3125 1026 ratione
3176 943 3651 1049 cognoscimus
3686 995 3710 1029 ,
3772 942 4063 1051 ¹·‚T1‘s0·

1419 1064 1463 1148 3
1507 1146 1866 1245 Qaeritur
1923 1147 2223 1245 primum
2274 1145 2348 1220 in
2396 1148 2473 1221 ea
2514 1142 2886 1244 quaestione
2930 1165 3087 1242 quae
3148 1139 3243 1215 est
3289 1138 3375 1212 de
3419 1134 3659 1227 natural
3706 1134 4068 1230 Deorum,

1411 1237 1662 1332 {int-ne
1685 1245 1825 1338 dii,
1871 1268 2113 1320 nec-ne
2147 1244 2314 1338 fint,
2374 1270 2432 1317 1.
2460 1243 2535 1312 de
2562 1245 2737 1338 Nat.
2768 1249 2889 1312 61.
2922 1239 3096 1312 vidit
3124 1235 3428 1333 primum
3473 1233 3604 1308 ess’e
3639 1233 3847 1320 deos;
3880 1230 4067 1333 quod

1414 1337 1488 1414 in
1525 1346 1838 1436 omnium
1877 1341 2117 1416 animis
2148 1364 2385 1413 eorum
2426 1340 2774 1411 notionem
2822 1331 3231 1429 imprd‘fiflet
3280 1330 3419 1427 ipsa
3461 1335 3722 1401 natura.
3776 1336 3949 1427 qui
3971 1332 4066 1406 est

1412 1437 1601 1514 enim
1644 1465 1852 1550 gens,
1903 1459 2019 1512 aut
2046 1437 2235 1535 quod
2270 1457 2490 1533 genus
2534 1432 2895 1506 hominum
2921 1429 3178 1537 ..quod
3201 1451 3342 1500 non
3378 1424 3620 1499 habeat
3651 1422 4087 1536 fine-dostriae

1414 1535 1508 1607 na
1553 1533 2093 1634 anticipationem
2143 1531 2512 1631 quamdam
2559 1531 2897 1602 deorum?
2952 1526 3022 1596 ld
3070 1523 3208 1614 est,
3246 1539 3663 1631 anteceptam
3699 1545 3927 1600 animo
3971 1527 4065 1600 rei
4100 1560 4112 1571 ·

1414 1633 1782 1735 quamdam
1811 1630 2399 1718 informationem,
2445 1624 2581 1698 fine
2608 1625 2746 1721 qua
2776 1645 2902 1694 nec
2936 1620 3226 1721 intelligi
3258 1617 3633 1717 quidquam
3654 1667 3680 1710 ‚
3725 1644 3851 1695 noc
3883 1648 4072 1722 quae-

1409 1748 1472 1795 n
1492 1782 1515 1816 ,
1536 1753 1660 1799 nec
1674 1729 1993 1822 disputari
2011 1722 2205 1823 possit
2224 1717 2540 1796 &ocum
2574 1720 2760 1794 enim
2777 1743 2919 1794 non
2940 1717 3530 1816 institutoaliquo‚
3559 1735 3673 1791 aut
3685 1741 3916 1809 more,
3943 1743 4066 1797 aut

1407 1819 1567 1921 lege
1611 1820 1692 1895 fit
1732 1823 1971 1920 opinio
2015 1820 2417 1911 constituta,
2462 1836 2867 1916 maneatque
2911 1815 2996 1890 ad
3030 1839 3250 1890 unum
3296 1813 3610 1890 omnium
3656 1813 3856 1890 firma
3896 1841 4064 1892 con.

1402 1911 1666 2010 senfin,-
1714 1919 2003 2019 intelligi
2049 1917 2304 1992 neceffe
2346 1916 2444 1988 est
2493 1914 2623 1987 esse
2666 1913 2868 1999 deos,
2916 1913 3241 2011 quoniam
3284 1909 3505 2008 infitas
3533 1935 3772 1986 eorum
3802 1912 3913 1986 vel
3936 1940 4067 2014 po-

1407 2011 1552 2089 tius
1618 2014 1873 2089 innatas
1936 2013 2359 2114 cognitiones
2429 2009 2778 2085 habemus.
2843 2010 2931 2083 de
2987 2035 3130 2108 quo
3189 2029 3453 2083 autem·
3475 2009 3789 2083 omnium
3834 2033 4068 2088 natura

1412 2110 1745 2184 consentit
1765 2167 1788 2200 ‚
1836 2111 1909 2184 id
1936 2135 2175 2184 verum
2216 2110 2348 2183 effe
2381 2107 2636 2182 necess‘e
2664 2108 2788 2182 esti
2818 2106 2950 2181 esse
2984 2107 3194 2207 igitur
3227 2105 3392 2181 deos
3432 2104 3908 2181 confitendum
3944 2110 4063 2183 est.

1412 2205 1606 2302 quod
1637 2206 1965 2316 quoniam
2007 2204 2149 2280 fere
2194 2206 2455 2281 constat
2498 2205 2671 2278 inter
2715 2228 2954 2277 omnes
2998 2227 3138 2278 non
3184 2198 3635 2300 Philosophos
3662 2199 3922 2296 solum,
3953 2203 4065 2281 sed

1409 2302 1617 2377 etiam
1654 2303 1970 2377 indoctos
2000 2359 2022 2394 ‚
2047 2301 2392 2377 <fateamur
2435 2302 2737 2376 constare
2778 2300 2950 2374 illud
2993 2303 3196 2375 etiarn
3233 2357 3258 2391 ‚
3321 2301 3498 2374 hanc
3542 2323 3667 2376 nos
3706 2300 3953 2376 habere
3988 2303 4068 2377 ss-

1415 2420 1503 2472 ve
1534 2399 2075 2499 anticipationem
2095 2457 2117 2490 ‚
2162 2419 2241 2474 ut
2276 2419 2432 2474 ante
2458 2398 2602 2471 dimi
2626 2455 2649 2489 ,
2683 2395 2818 2470 five
2840 2398 3330 2494 praenotionem
3362 2398 3699 2474 Deorum.
3739 2399 3913 2475 hanc
3942 2401 3963 2473 i
4016 2403 4064 2468 ’.-

1361 2493 1374 2504 ’
1405 2515 1532 2569 «ωι-
1567 2496 1932 2588 habemuS‚
1965 2516 2043 2570 ut
2076 2498 2265 2570 Deos
2285 2497 2525 2569 »beatos
2555 2496 2628 2568 &
2659 2496 3072 2569 immortales
3105 2513 3445 2592 putemus.
3481 2518 3639 2592 quae
3670 2496 3855 2570 enim
3875 2425 4065 2573 noeis

1409 2613 1655 2666 natura
1703 2593 2249 2667 informationem
2310 2593 2623 2666 Deorum
2678 2592 2978 2688 ipsorum
3027 2593 3215 2666 dedit
3241 2649 3265 2684 ‚
3308 2594 3544 2667 eadem
3600 2592 3948 2690 insculpsit
3990 2597 4065 2671 in

1403 2687 1762 2763 mentibus
1782 2746 1806 2781 ,
1853 2710 1932 2765 ut
1984 2714 2098 2763 eos
2158 2710 2447 2763 aeternos
2480 2691 2555 2763 &
2600 2688 2829 2763 beatos
2874 2689 3271 2764 haberemus
3311 2739 3337 2779 ‚
3401 2713 3426 2761 1
3446 2745 3462 2761 .
3489 2688 3564 2759 de
3598 2691 3774 2763 Nat.
3808 2692 3914 2764 D.
3941 2715 4061 2791 44.

1406 2786 1646 2883 itaque
1679 2785 1857 2860 inter
1887 2811 2123 2860 omnes
2154 2786 2467 2860 omnium
2558 2787 2818 2859 entium
2869 2784 3186 2868 sententia
3221 2785 3504 2861 constat.
3533 2786 3854 2861 omnibus
3878 2793 4058 2864 enim

1407 2881 1726 2976 ¹innatum
1768 2882 1863 2957 est
1886 2882 2306 2958 &inanimo
2338 2908 2521 2981 quai
2562 2883 2974 2980 insculptum
2997 2942 3018 2976 ,
3069 2884 3197 2962 essi:
3232 2885 3422 2958 Deos
3453 2936 3477 2970 ,
3526 2906 3594 2956 2.
3624 2884 3698 2953 de
3735 2891 3900 2957 Nat.
3945 2909 4053 2962 ιι.

1401 3001 1496 3053 ut
1537 2978 1747 3078 porro
1795 2976 2246 3054 firmiffimum
2289 2979 2434 3054 hoc
2479 2975 2696 3053 aflerri
2744 2979 3051 3072 videtur,
3098 3007 3224 3056 cur
3272 2981 3462 3060 Deos
3503 2980 3628 3054 essi:
3674 2982 4062 3077 credamus,

1412 3073 1608 3173 quod
1641 3079 1827 3152 nulla
1847 3099 2013 3175 gens
2046 3098 2185 3150 tam
2207 3075 2381 3169 fera,
2426 3101 2629 3150 nemo
2650 3078 3122 3178 omniumtatn
3156 3076 3235 3152 fit
3268 3078 3618 3169 immanis,
3646 3079 3839 3179 cujus
3872 3106 4058 3156 men-

1406 3192 1553 3246 tem
1603 3199 1745 3248 non
1788 3174 2105 3261 imbuerit
2155 3175 2471 3248 Deorum
2517 3174 2751 3271 opinio
2790 3176 2933 3249 &c.
2982 3199 3107 3248 nec
3164 3174 3332 3249 vero
3381 3174 3454 3249 id
3504 3175 3875 3257 collocutio
3937 3180 4056 3252 ho·

1413 3270 1681 3342 minum
1715 3320 1720 3325 -
1749 3290 1867 3343 aut
1909 3269 2264 3344 consensus
2315 3270 2518 3344 efficit
2553 3326 2575 3362 ,
2637 3294 2777 3343 non
2822 3272 3140 3346 institutis
3182 3271 3416 3370 opinio
3459 3271 3557 3345 est
3618 3274 4013 3350 confirmata
4036 3335 4059 3365 ,

1407 3388 1559 3437 <non
1600 3365 1886 3465 legibus.
1919 3367 2109 3441 omni
2137 3388 2360 3442 autem
2385 3369 2471 3441 -in
2507 3392 2578 3439 re
2610 3364 2947 3450 consentio
2993 3369 3306 3443 omnium
3356 3369 3665 3468 gentium
3694 3427 3732 3463 „
3774 3372 3895 3446 ‚lex
3941 3399 4054 3448 na·

1407 3478 1586 3560 ¹turae
1630 3462 1926 3560 putanda
1970 3461 2067 3537 est
2113 3465 2250 3539 &a
2297 3485 2500 3563 atque
2548 3465 2697 3537 haec
2734 3464 2834 3539 ita
2896 3462 3217 3539 sentimus
3267 3470 3506 3546 natura
3571 3466 3746 3542 duce
3785 3525 3808 3558 ‚
3864 3473 4053 3545 nulli

1413 3558 1707 3647 ratione,
1753 3560 2074 3659 nullaque
2124 3562 2439 3636 doctrina
2479 3620 2501 3655 ‚
2559 3586 2619 3634 1.
2656 3557 2751 3631 Tu
2777 3586 2830 3634 c.
2879 3581 2990 3659 30.
3038 3562 3110 3637 in
3153 3563 3393 3640 animis
3442 3563 3805 3643 hominum
3851 3565 4055 3640 infor-

1412 3675 1624 3730 matas
1675 3658 1984 3731 Deorum
2033 3656 2164 3733 ess‘c
2213 3660 2559 3750 notiones,
2603 3681 2673 3732 2.
2744 3683 2776 3729 e
2815 3659 2991 3731 Nat.
3043 3679 3150 3757 13.
3188 3659 3453 3750 habeo,
3487 3659 3723 3759 inquis
3757 3717 3779 3752 ‚
3828 3661 3897 3734 in
3919 3666 4055 3738 ani-

1409 3752 1826 3827 mo-infitam
1873 3753 2421 3830 informationem
2466 3755 2830 3851 quamdam
2877 3756 3058 3846 Dei,
3114 3778 3173 3827 1.
3207 3757 3283 3827 de
3323 3761 3493 3830 Nat.
3539 3772 3848 3854 negaram
3878 3761 4056 3841 enim

1405 3851 1589 3925 -hanc
1619 3852 1905 3949 primam
1938 3870 2195 3949 partem
2234 3852 2437 3959 egere
2462 3851 2761 3925 oratione
2782 3900 2808 3940 ‚
2843 3850 3034 3949 quod
3076 3852 3235 3927 ess'et
3264 3853 3581 3929 omnibus
3609 3855 4054 3953 perspicuum,

1417 3950 1606 4023 Deos
1650 3948 1811 4021 efle:
1836 3967 2060 4022 tamen
2098 3946 2171 4021 id
2208 3948 2431 4045 iplum
2467 3946 2834 4022 rationibus
2875 3945 3170 4046 phyficis
3204 3950 3594 4025 confirmari
3630 3951 3833 4042 volo,
3878 3977 3950 4026 2.
3983 3955 4054 4028 de

1395 4050 1591 4120 -Nat.
1621 4064 1739 4145 23.
1785 4048 1873 4117 ne
1905 4044 2108 4154 egere
2147 4044 2429 4142 quidem
2478 4045 2749 4120 videtur
2783 4046 3084 4119 oratione
3105 4048 3325 4144 prima
3357 4073 3507 4145 pars
3553 4063 3578 4137 (
3595 4047 4054 4144 Deumscilicet

1391 4144 1597 4232 ·ff·)
1654 4141 1824 4240 quid
1857 4164 2038 4214 emm
2074 4139 2291 4238 potest
2331 4138 2461 4213 effe
2508 4162 2647 4215 tam
2695 4162 2997 4241 apertum
3055 4164 3189 4218 tam
3245 4170 3329 4219 ue
3380 4142 3852 4244 perspicuum,
3895 4145 4053 4223 cum

1402 4240 1675 4349 coelum
1734 4236 2154 4337 suspeximus
2215 4237 2649 4339 coelestiaque
2704 4240 3144 4340 contemplati
3216 4267 3417 4333 umus
3444 4299 3469 4338 ,
3512 4242 3751 4343 quam·
3771 4243 3901 4321 effe
3941 4246 4061 4422 agi

2171 4396 2182 4407 t
3862 4364 3965 4438 ,qu
4012 4368 4017 4373 ·
