4585 5992
3189 626 3291 645 9⁸-—

1181 641 2273 742 P‘HILOSOP'HICUM.
2370 635 2607 720 CAP.
2649 633 2749 715 V.
3187 652 3291 730 29

643 800 863 876 ferent
878 851 903 890 ‚
948 781 1091 870 non
1133 783 1651 887 expolitionem.
1695 801 1822 852 nos
1851 794 2079 851 autem
2118 768 2205 845 de
2237 757 2674 862 expolitionis
2720 751 3027 858 partibus
3067 747 3293 849 loqui-

642 924 871 990 mur,
899 915 961 966 1.
1001 887 1187 961 Rhet.
1229 905 1342 982 74.
1377 901 1491 978 75.
2537 951 2542 956 ι
2860 943 2870 954 ,

733 991 987 1072 Omnis
1024 980 1558 1084 argumentum,
1605 991 1728 1049 aut
1757 969 2123 1064 neceffitria',
2169 978 2288 1039 aut'
2306 958 2642 1057 probabilis
2669 952 2946 1031 debebit¹
2970 948 3131 1024 esse.-
3156 964 3294 1019 ete-

642 1095 789 1169 nim
813 1151 835 1185 ,
884 1108 968 1163 ut
1001 1082 1302 1160 breviter
1332 1072 1789 1153 describamus
1831 1125 1854 1159 ,
1911 1061 2406 1163 argumentatio
2450 1056 2721 1130 videtur
2763 1052 2908 1125 ess'e
2933 1049 3294 1122 inventum

642 1218 736 1268 ex
771 1191 1000 1286 aliquo
1039 1201 1282 1283 genere
1301 1231 1325 1266 ‚
1368 1197 1510 1247 rem
1550 1170 1847 1280 aliquam
1890 1184 2008 1237 aut
2061 1156 2503 1258 probabiliter
2551 1150 2909 1226 ostendens
2944 1203 2967 1237 ‚
3008 1162 3127 1218 aut
3173 1162 3292 1212 ne-

642 1286 912 1365 cess‘arie
954 1273 1441 1353 demonstrans.
1486 1266 1809 1361 neceſjari&
1842 1257 2393 1336 demonstrantur
2422 1278 2498 1327 ea
2516 1307 2539 1341 ,
2582 1273 2741 1349 quae
2769 1247 2960 1320 aliter
2991 1297 3015 1334 ,
3056 1264 3135 1313 ac
3184 1234 3289 1308 di-

644 1404 938 1469 cuntur,
986 1399 1109 1449 nec
1143 1372 1339 1460 fieri,
1383 1392 1509 1441 nec
1567 1361 1842 1463 probari
1878 1358 2187 1457 poliunt,
2232 1354 2369 1427 hoc
2422 1347 2694 1423 modat.
2713 1350 2782 1440 st
2803 1343 3043 1437 peperit
3081 1388 3108 1429 ,-
3137 1354 3292 1408 rcum

643 1486 790 1555 viro
832 1471 1140 1548 concubuit
1164 1492 1186 1536 .·
1229 1468 1367 1537 hoc
1405 1486 1618 1562 genus
1652 1452 2204 1557 argumentandi,
2248 1447 2442 1560 quod
2496 1446 2571 1518 in·
2619 1440 2972 1516 necess‘aria
3005 1437 3294 1509 demon-

647 1575 966 1672 stratione
1021 1560 1318 1640 verfatur
1348 1616 1372 1651 ‚
1412 1554 1713 1630 maxime
1752 1551 2077 1625 tractatur
2117 1549 2188 1621 in
2230 1542 2525 1619 dicendo
2573 1559 2689 1616 aut
2724 1537 2845 1637 per
2864 1530 3291 1630 complexio-

646 1698 808 1748 nem
832 1726 855 1760 ,
898 1684 1016 1741 aut
1047 1685 1166 1759 per
1195 1652 1775 1731 enumerationem
1801 1702 1824 1736 ,
1865 1665 1982 1717 aut
2011 1669 2132 1738 per
2169 1641 2545 1738 {implicem
2579 1631 3108 1709 conclusionem.
3128 1650 3288 1699 com-

632 1772 838 1864 plexio
876 1762 1012 1850 est,
1059 1759 1131 1828 in
1220 1755 1309 1825 ua
1349 1770 1587 1823 utrum
1642 1740 2034 1820 concefferis
2054 1794 2078 1828 ,
2126 1734 2640 1834 reprehenditur
2680 1787 2703 1820 ,
2770 1730 2855 1803 ad
2903 1729 3090 1801 hunc
3139 1749 3291 1798 mo·

644 1868 861 1941 dum:
894 1862 968 1953 st
994 1859 1188 1945 impro
1226 1872 1299 1919 us
1335 1844 1419 1939 est
1436 1894 1461 1933 ‚
1509 1864 1617 1914 cur
1648 1842 1840 1909 uteris
1855 1837 1889 1906 ,2
1918 1840 2023 1930 fin
2035 1835 2263 1925 probus
2301 1882 2327 1923 ‚
2390 1853 2497 1900 cur
2528 1823 2774 1923 accusas
2792 1825 2826 1895 ?
2870 1820 3291 1896 enumeratio

642 1962 779 2055 est,
821 1960 899 2033 in
932 1953 1071 2071 qua
1105 1944 1418 2044 pluribus
1450 1939 1653 2015 rebus
1691 1930 2007 2029 expositis
2030 1928 2378 2002 &caeteris
2407 1923 2762 1997 infirmatis
2784 1977 2807 2011 ,
2855 1945 2994 1993 una
3031 1918 3293 2014 reliqua

643 2053 1006 2135 necess‘ario
1036 2043 1480 2121 confirmatur
1501 2092 1525 2127 ‚
1570 2035 1704 2106 hoc
1742 2026 1943 2128 pacto
1978 2027 2115 2099 &c.
2136 2082 2152 2098 .
2181 2074 2209 2096 .-
2242 2020 2532 2116 fimplex
2567 2014 3290 2091 autemzconclufioex

643 2149 999 2234 necessaria
1036 2137 1512 2218 consecutione
1541 2128 1908 2205 conficitur
1932 2179 1954 2213 ,
2004 2124 2137 2196 hoc
2172 2117 2386 2193 modo
2424 2117 2560 2189 ὅτε.
2585 2171 2600 2187 .
2622 2170 2636 2187 .
2657 2161 2686 2188 .-
2708 2111 3021 2205 probabile
3060 2128 3288 2182 autem

642 2256 741 2332 est
772 2252 842 2325 id
864 2305 888 2339 ‚
983 2242 1125 2318 uod
1159 2234 1300 2311 fere
1332 2222 1723 2314 fieri‘solet3
1773 2240 1890 2326 aut
1930 2219 2119 2318 quod
2180 2219 2251 2289 in
2306 2213 2628 2324 opinione
2711 2207 2955 2283 ofitum
2986 2205 3080 2278 est
3103 2254 3128 2296 ‚
3169 2220 3290 2278 aut
3363 2271 3372 2288 .

694 2350 835 2426 uod
873 2347 960 2419 ha
1109 2337 1182 2410 in
1215 2332 1280 2408 se
1318 2330 1404 2404 ad
1446 2329 1596 2401 haee
1631 2317 1996 2422 quamdam
2026 2312 2532 2389 fimilitudmem
2556 2365 2580 2399 ‚
2653 2332 2766 2380 ive
2798 2305 2870 2378 id
2898 2304 3139 2378 falsum
3162 2300 3288 2392 est,

642 2378 783 2526 five
810 2463 1156 2519 verum...
1197 2427 1420 2505 omnis
1441 2425 1648 2526 igitur
1682 2413 2178 2520 argumentatio
2203 2427 2323 2484 aut
2350 2432 2472 2507 per
2501 2402 2968 2479 inductionem
2999 2398 3290 2474 tractan-

639 2550 730 2624 da
767 2541 866 2617 est
880 2596 903 2633 ,
951 2556 1069 2610 aut
1114 2554 1239 2630 per
1293 2518 1891 2599 ratiocinationem.
1920 2511 2189 2584 induc-'tio
2242 2505 2340 2581 est
2392 2501 2608 2578 oratio
2631 2558 2654 2590 ‚
2704 2524 2863 2598 quae
2895 2495 3093 2572 rebus
3143 2519 3294 2575 non

640 2641 866 2721 dubiis
902 2652 1122 2745 captat
1160 2621 1593 2702 affenfionem
1628 2617 1768 2716 ejus
1789 2669 1813 2704 ‚
1855 2613 2143 2710 quicum
2189 2601 2490 2681 instituta
2541 2600 2659 2674 est.
2694 2597 2945 2696 quibus
2983 2594 3292 2670 ass‘enlioae

635 2742 841 2818 nibus
876 2730 1038 2807 iacit
1057 2787 1080 2820 ,
1125 2744 1204 2799 ut
1238 2721 1337 2795 illi
1369 2717 1578 2793 dubia
1618 2709 1929 2812 quaedam
1964 2732 2070 2782 res
2091 2762 2114 2795 ,
2161 2721 2440 2814 propter
2493 2694 3004 2770 fimilitudinem
3051 2687 3288 2767 earum

635 2860 867 2917 rerum
887 2891 911 2925 ,
953 2825 1204 2927 quibus
1231 2815 1490 2893 assensit
1514 2871 1533 2900 ,
1580 2808 2009 2909 probetur...
2054 2804 2189 2876 hoc
2220 2825 2295 2873 m
2324 2820 2569 2899 genere
2611 2789 3143 2890 praecipiendum
3164 2813 3290 2863 no.

641 2937 748 3015 bis
782 2932 1091 3014 videtur,
1142 2916 1443 3019 primum
1469 2967 1493 3003 ‚
1533 2929 1615 2983 ut
1645 2905 1821 2981 illud
1862 2899 2051 3003 quod
2108 2897 2514 2970 inducemus
2563 2915 2686 2986 per
2737 2887 3243 2961 similitudinem
3266 2943 3293 2979 ,

639 3023 974 3111 e'usmodi
1002 3021 1116 3109 fit,
1156 3034 1236 3088 ut
1268 3011 1348 3084 fit
1381 3006 1637 3083 necess‘e
1690 2999 1995 3075 concedi.
2036 3018 2203 3073 *nam*
2245 3016 2334 3064 ex
2418 3013 2512 3060 uo
2646 2982 3043 3057 stulabimus
3091 2982 3288 3057 nobis

644 3063 866 3217 iilud,
913 3120 1101 3221 quod
1140 3106 1430 3185 dubium
1468 3101 1589 3191 fit,
1635 3093 1955 3184 concedi,
2001 3088 2294 3162 dubium
2330 3112 2367 3158 e
2421 3083 2462 3156 c
2513 3012 2856 3177 iXinsum
2900 3102 3042 3151 non
3085 3104 3133 3149 o
3227 3100 3291 3150 r..

638 3227 832 3304 tebit.
866 3216 1113 3295 deinde
1147 3206 1320 3283 illud
1342 3261 1366 3298 ,
1414 3203 1607 3301 cujus
1643 3187 2096 3270 confirmandi
2136 3184 2338 3260 causa
2368 3179 2485 3254 fiet
2517 3174 2826 3250 inductio
2848 3232 2871 3266 ‚
2916 3173 3071 3247 vide
3172 3190 3293 3247 um

643 3324 783 3416 est,
825 3338 906 3395 ut
954 3311 1166 3387 fimile
1198 3307 1277 3379 iis
1312 3300 1513 3375 rebus
1557 3293 1635 3367 fit
1657 3350 1679 3384 ‚
1723 3313 1888 3390 quas
1926 3310 2067 3373 reS,
2121 3279 2308 3380 quafi
2330 3301 2472 3351 non
2494 3272 2772 3362 dubias,
2809 3290 2964 3344 ante
3000 3271 3291 3345 induxe-

647 3423 859 3498 rimus
890 3416 1028 3488 &c.
1058 3399 1305 3481 deinde
1344 3423 1486 3471 non
1532 3389 1945 3488 intelligant,
1992 3378 2135 3479 quo
2170 3375 2470 3477 speflaent
2497 3372 2634 3446 illae
2671 3369 2911 3467 primae
2951 3367 3299 3442 inductio-

628 3543 815 3608 ωας,
858 3514 933 3587 &
963 3509 1047 3583 ad
1091 3524 1302 3603 quem
1332 3493 1461 3568 fint
1506 3489 1766 3566 exitum
1820 3493 2268 3581 perventurae.
2298 3529 2352 3545 ..
2405 3473 2496 3544 ita
2546 3467 2626 3540 fit
2664 3469 2797 3539 hoc
2835 3489 3052 3564 genus
3095 3486 3296 3565 argu'-
3334 3516 3368 3526 ..

648 3608 995 3690 mentandi
1030 3598 1464 3701 tripertitum.
1502 3587 1719 3686 prima
1750 3604 1901 3681 pars
1937 3574 2215 3650 constat¹
2247 3594 2337 3643 ex
2376 3562 2811 3640 similitudine
2853 3562 2991 3634 una
3012 3617 3035 3650 ,
3081 3562 3298 3658 pluri..

647 3713 933 3787 bus-ve:
986 3704 1189 3777 altera
1220 3718 1307 3767 ex
1342 3714 1467 3777 e0,
1509 3682 1698 3794 quod
1730 3673 2015 3754 concedi
2054 3671 2420 3769 volumus,
2466 3663 2658 3761 cujus
2692 3660 2891 3732 causa
2918 3657 3297 3733 fimilimdi..

650 3835 770 3884 nes
807 3800 1126 3880 adhibitae
1159 3794 1347 3867 sunt:
1396 3804 1589 3859 tertra
1622 3804 1709 3853 ex
1748 3768 2225 3855 conclusione,
2275 3768 2438 3873 quae
2472 3780 2595 3834 aut
2622 3756 2997 3831 confirmat·
3025 3756 3299 3830 conces.

651 3905 903 3981 fionem
928 3957 950 3990 ,
999 3916 1117 3970 aut
1152 3887 1321 3990 quid
1353 3908 1441 3959 ex
1481 3883 1557 3953 ea
1586 3874 2032 3957 conficiatur,
2062 3860 2356 3937 ostendit
2411 3861 2547 3933 δίς.
2573 3911 2630 3927 ..
2675 3878 2754 3926 ae
2787 3853 2873 3927 de
2898 3852 3300 3929 inductione

655 4003 931 4100 quidem
977 3992 1124 4068 satis
1156 3991 1229 4063 in
1265 3976 1610 4084 praesentia
1646 3971 1912 4046 dictum
1945 3964 2236 4047 videtur.
2279 3981 2466 4030 nunc
2503 3954 2846 4047 deinceps
2871 3953 3297 4023 ratiocinatio-

654 4103 753 4171 nis
795 4098 938 4169 vim
972 4094 1045 4165 &
1077 4106 1384 4162 naturam
1407 4071 1929 4153 confideremus.
1970 4059 2364 4133 ratiocinatio
2395 4053 2492 4126 est
2519 4048 2735 4123 oratio
2765 4068 2864 4119 ex
2885 4038 3030 4144 ips-21
3059 4073 3129 4119 rc
3143 4070 3299 4143 pro.

654 4192 881 4270 babile
911 4183 1183 4285 aliquod
1221 4178 1543 4261 eliciens,
1588 4166 1775 4268 quod
1804 4159 2186 4262 expolitum
2231 4154 2307 4225 δε
2345 4174 2467 4250 per
2507 4146 2571 4220 se
2599 4144 2953 4246 cognitum
2990 4143 3107 4215 sua
3144 4142 3205 4215 se
3228 4143 3300 4216 vi

659 4295 736 4391 δί
768 4288 1025 4367 ratione
1055 4278 1459 4360 confirmet..
1481 4270 1616 4344 hoc
1642 4266 1739 4342 de
1752 4284 1997 4367 genere
2029 4254 2152 4358 qui
2170 4244 2574 4441 dihgfintgus
2593 4240 3150 4320 considerandum
3173 4263 3307 4412 ptr:
