4585 5992
1333 663 1488 757 3²34
2105 635 3433 718 LEXICON·—²='

1342 763 1616 837 tudinem
1627 757 2270 859 pulchritudinemque
2290 806 2317 846 ,
2348 755 2482 827 tum
2514 743 2706 827 eiiam
2729 745 3119 848 efficientiam
3139 751 3575 852 cognvvtffin't,
3599 751 3724 852 qud
3744 758 3800 828 is
3832 753 3997 827 diem

1323 859 1600 955 ,efficeret
1643 876 1767 931 toto
1805 861 1943 930 coelo
1979 860 2108 928 luce
2167 850 2424 950 diffusd.
2470 853 2605 925 ciim
2660 871 2870 926 autem
2904 869 3106 926 terras
3174 878 3291 926 nox
3331 853 3626 944 opacaffi’t
3641 902 3666 942 ‚
3715 869 3849 924 tum
3882 878 4001 924 coe-

1341 964 1478 1034 Ium
1505 975 1702 1032 totum
1741 969 2052 1028 cernerent
2091 950 2273 1046 astris
2309 951 2661 1047 distini't'um
2702 953 2784 1033 ἐρ’
2815 969 3106 1023 ornatum
3138 1001 3163 1042 ,
3210 954 3487 1046 lunaeque
3528 950 3829 1020 luminum
3869 975 3996 1022 va-

1333 1061 1634 1142 rietatem
1670 1072 1805 1127 tum
1831 1048 2151 1147 cresi-entis
2175 1101 2200 1143 ‚
2246 1065 2383 1121 tum
2400 1047 2771 1148 fineftentis
2788 1101 2816 1140 ‚
2865 1073 3071 1121 eorum
3118 1052 3385 1120 omnium
3421 1061 3589 1118 mus
3628 1044 3710 1125 &³
3753 1045 4000 1139 occafhs

1349 1144 1539 1250 a'tque
1575 1159 1643 1228 in
1685 1156 1846 1230 omni
1877 1147 2223 1223 aeteruitate
2253 1165 2425 1222 ratos
2456 1139 2990 1244 immutabilglhue
3010 1143 3268 1244 cursus:
3318 1144 3451 1215 haec
3488 1144 3629 1215 cum
3650 1144 3963 1215 viderent
3981 1196 4007 1237 ‚

1338 1251 1612 1348 profeblb
1647 1252 1732 1334 ἐξ
1770 1251 1882 1344 effi
1915 1251 2091 1323 Deos
2141 1247 2224 1329 &²
2257 1246 2392 1319 haec
2429 1262 2614 1318 tanta
2657 1268 2835 1340 opera
2885 1246 3184 1334 Deorum
3221 1242 3347 1336 efflr
3377 1245 3865 1313 arbitrarentur.
3914 1262 4010 1316 at.

1279 1423 1288 1430 .
1339 1377 1489 1449 *que
1528 1351 1676 1425 haec
1712 1349 1996 1448 quidem
2038 1349 2169 1421 ille.
2192 1403 2206 1418 .
2230 1404 2245 1419 .
2292 1345 2406 1419 sed
2439 1341 2805 1417 affiduitate
2837 1337 4010 1440 quotidiana&consuetudineoeu·

1340 1452 1580 1528 lorum
1625 1448 1996 1524 assuescunt
2029 1442 2283 1529 animi3
2334 1465 2556 1538 neque
2585 1438 3005 1514 admirantur
3043 1457 3265 1534 neque
3315 1436 3671 1533 requirunt
3722 1436 4006 1514 rationes

1350 1573 1588 1624 carum
1631 1570 1903 1635 rerum,
1950 1565 2115 1636 quas
2143 1539 2405 1635 semper
2445 1537 2716 1612 vident:
2767 1531 3053 1630 perinde
3083 1531 3268 1630 quasi
3307 1532 3567 1607 novitas
3605 1557 3729 1608 nos
3753 1537 4017 1637 magis;

1355 1643 1567 1742 quam
1600 1640 2002 1741 magnitudo
2042 1661 2266 1711 rerum
2312 1633 2551 1708 debeat
2595 1633 2679 1707 ad
2717 1629 3166 1729 exquirendas
3217 1631 3442 1704 causas
3488 1630 3801 1708 excitare.
3856 1636 4009 1732 quis

1337 1740 1535 1820 ‘enim
1585 1739 1770 1812 hunc
1812 1737 2164 1810 hominem
2205 1730 2491 1822 dixerit,
2535 1729 2657 1828 qui
2698 1724 2862 1802 cilm
2892 1746 3030 1802 tam
3070 1727 3483 1804 certoscoeli
3516 1750 3742 1804 motus
3775 1788 3798 1822 ‚
3865 1752 4004 1806 tam

1350 1829 1530 1908 ratos
1563 1834 1895 1907 astrorum
1932 1831 2201 1905 ordines
2233 1887 2257 1922 ‚
2316 1850 2450 1903 tam
2504 1853 2590 1904 ue
2625 1826 2856 1901 omnia
2916 1827 3087 1899 inter
3130 1820 3194 1899 Ie
3238 1851 3546 1901 connexa
3594 1829 3664 1901 δε
3708 1848 3855 1925 apta
3901 1830 4006 1902 vi-

1339 1932 1563 2021 derit,
1610 1949 1809 2029 neget
1841 1928 1915 2002 in
1936 1930 2066 2002 illis
2084 1930 2294 2003 ullam
2332 1927 2442 2001 ine
2495 1926 2880 2001 erationem
2909 1982 2930 2016 ‚
2973 1941 3184 2021 eaque
3212 1925 3365 2000 casu
3404 1925 3554 1999 fieri
3591 1923 3809 2019 dicat,
3850 1949 4009 2046 qux

1341 2048 1607 2128 quanto
1657 2025 1939 2101 consilio
1987 2045 2346 2121 gerantur,
2391 2023 2590 2097 nullo
2625 2020 2905 2095 consilio
2953 2021 3204 2120 ass‘equi
3256 2021 3668 2120 possumus?
3715 2049 3801 2096 an
3843 2048 4009 2098 cum

1353 2122 1851 2200 machinatione
1932 2124 2176 2195 uidam
2212 2121 2480 2195 moveri
2507 2120 2762 2216 aliquid
2794 2119 3147 2211 videmus,
3182 2140 3257 2193 ut
3290 2119 3657 2218 sphaeram,
3687 2142 3765 2194 ut
3782 2120 4011 2213 horaS,

1355 2241 1436 2296 ut
1476 2220 1604 2294 alia
1648 2244 1890 2317 permu
1922 2239 1987 2293 ta
2014 2277 2037 2311 ‚
2094 2243 2237 2292 non
2280 2217 2668 2292 dubitamus
2715 2217 2881 2314 quin
2922 2216 3035 2290 illa·
3076 2241 3279 2316 opera
3318 2215 3447 2291 {int
3477 2217 3804 2308 rationis;
3849 2215 4009 2293 cum

1354 2337 1583 2391 autem
1616 2316 1949 2416 impetum
1982 2312 2724 2390 coeliadmirabilicum
2768 2313 3100 2387 celeritate
3136 2316 3397 2388 moveri
3446 2316 3619 2389 verti
3672 2341 3757 2389 ue
3789 2317 4011 2391 videa-

1357 2437 1515 2488 mus
1553 2470 1575 2506 ,
1637 2410 2159 2489 constantissime
2221 2411 2702 2487 conficientem
2774 2407 3251 2487 viciffitudines
3314 2415 3602 2487 anniver
3630 2413 3796 2488 arias
3848 2431 4017 2502 cum?

1357 2511 1624 2585 summa
1669 2511 1886 2584 salute‘
1919 2511 1993 2583 δι
2040 2509 2549 2594 conservatione
2594 2533 2822 2582 rerum
2853 2512 3209 2599 omnium3
3260 2509 3688 2605 dubitamus,
3734 2512 3902 2612 quin
3936 2537 4021 2586 ea*

1351 2632 1496 2683 non
1549 2605 1769 2683 solum
1817 2608 2072 2681 ratione
2116 2605 2322 2700 fiant,
2367 2606 2477 2680 sed
2523 2604 2723 2679 etiam
2756 2606 3110 2681 excellenti
3153 2607 3447 2706 quadam
3493 2608 3869 2710 divinaque·
3908 2633 4008 2702 ra·

1352 2705 1540 2783 tione
1580 2705 1611 2779 ?
1683 2706 1840 2779 licet
1881 2705 2061 2779 enim
2114 2706 2283 2799 am,
2347 2703 2604 2777 remota
2651 2701 3008 2777 subtilitate
3052 2701 3489 2803 disputandi,
3552 2709 3769 2782 oculis
3836 2729 4008 2807 quo·

1352 2799 1732 2882 dammodo
1781 2731 2224 2900 contempiari
2288 2799 2866 2897 pulchritudinem
2912 2826 3142 2874 rerum
3173 2860 3195 2895 ‚
3263 2826 3429 2900 quas
3493 2804 3723 2879 divina
3781 2807 4008 2904 provi-

1347 2899 1586 2976 dentia
1632 2900 1920 2976 dicimus
1971 2900 2388 2975 constitutas.
2419 2921 2496 2973 ac
2530 2896 2905 2996 principie,
2955 2918 3130 2974 terra
3181 2900 3485 2974 universa
3535 2922 3845 2978 cernatur
3870 2906 4003 2977 &a

1351 3022 1519 3097 qua:
1566 2995 1733 3072 vero
1782 3000 1855 3072 δε
1897 2998 2105 3096 quim
2152 2999 2338 3072 varia
2381 3020 2623 3095 genera
2666 2993 3029 3070 bestiarum
3080 3000 3190 3072 vel
3240 3000 3551 3073 cicurum
3586 3060 3606 3093 ‚
3664 3003 3776 3075 vel
3833 3000 4000 3075 fera-

1351 3096 1562 3173 rum?
1608 3096 1744 3170 &a
1780 3095 1948 3193 quid
1981 3095 2123 3193 jam
2162 3095 2248 3169 de
2287 3095 2653 3168 hominum
2692 3118 2940 3193 genere
2977 3095 3201 3169 dicam
3233 3098 3371 3171 δίς,
3407 3120 3565 3195 quae
3607 3096 3655 3169 si
3680 3157 3701 3190 ,
3746 3120 3822 3172 ut
3862 3101 4013 3172 ani-'

1357 3194 1527 3282 rni3‚
1573 3190 1664 3266 fic
1705 3194 1923 3266 oculis
1965 3193 2192 3265 videre
2228 3192 2609 3290 poss'emuS‚
2660 3216 2863 3265 nemo
2906 3192 3223 3271 cunctam
3273 3193 3539 3267 intuens
3583 3216 3825 3269 terram
3850 3248 3874 3288 ‚
3922 3198 4003 3269 de

1345 3289 1593 3366 divina
1623 3290 1878 3360 ratione
1912 3287 2269 3361 dubitaret.
2307 3309 2374 3361 at
2418 3285 2582 3361 vero
2623 3310 2874 3387 quanta
2912 3290 3109 3365 maris
3145 3291 3240 3364 est
3279 3291 3721 3389 pulchritudo
3754 3294 3782 3365 ?
3852 3318 4001 3391 quae

1351 3382 1603 3483 species
1663 3381 2020 3456 universi?
2090 3410 2244 3482 quae
2284 3383 2652 3458 multitudo
2711 3385 2784 3457 δε
2837 3387 3112 3462 varietas
3152 3386 3519 3463 infularum
3571 3389 3711 3462 &c.
3761 3391 4001 3464 exinde

1358 3482 1531 3556 mari
1591 3477 1923 3553 finitimus
1986 3482 2101 3553 a‘e‘r
2164 3481 2273 3555 die
2332 3483 2406 3554 δε
2455 3480 2657 3555 nocte
2703 3480 3138 3581 distinguitur
3187 3511 3203 3557 :
3273 3487 3459 3584 isque
3503 3507 3651 3560 tum
3701 3486 3885 3561 fusus
3928 3491 4002 3561 ὃς

1351 3598 1752 3654 extenuatus
1797 3578 1869 3651 in
1919 3574 2202 3651 sublime
2251 3577 2519 3668 fcrtur3
2564 3599 2711 3652 tum
2760 3601 2984 3654 autem
3031 3603 3383 3656 concretus
3430 3584 3501 3657 in
3554 3582 3767 3657 nubes
3818 3586 3999 3684 cogi-

1345 3698 1511 3767 tur3
1558 3677 2055 3774 humoremque
2100 3675 2259 3751 colli
2313 3701 2428 3748 ens
2460 3733 2483 3766 ‚
2550 3697 2792 3751 terram
2846 3699 3050 3779 auget
3091 3679 3422 3754 imbribus
3456 3739 3478 3774 ‚
3526 3701 3675 3755 tum
3721 3682 3996 3756 effluens

1351 3775 1496 3847 huc
1530 3773 1602 3846 ὃς
1631 3774 1840 3865 illue,
1891 3795 2127 3847 ventos
2175 3700 2403 3847 effigcit.
2449 3772 2627 3846 idem
2680 3800 2937 3848 annuas
2985 3775 3323 3877 frigorum
3375 3780 3450 3852 δε
3498 3779 3798 3851 calomm
3848 3780 4001 3852 facit

1351 3872 1700 3946 varietates
1734 3871 1869 3945 &a
1910 3869 2106 3944 restat
2143 3871 2422 3944 ultimus
2458 3871 2531 3944 δε
2566 3870 2604 3945 a
2655 3871 3015 3945 domiciliis
3049 3875 3289 3948 nostris
3334 3873 3680 3949 altissimus
3711 3935 3732 3968 ,
3779 3875 4002 3950 omnia

1345 3968 1629 4070 cingens
1675 3967 1747 4040 δε
1791 3970 2105 4041 co‘e‘rcens
2151 3968 2314 4063 coeli
2360 3970 2757 4067 complexus
2779 4027 2802 4062 ,
2841 3970 2960 4068 qui
3006 3969 3185 4045 idem
3238 3972 3449 4048 aether
3490 3994 3775 4048 vocatur
3801 4032 3824 4066 ‚
3886 3997 4001 4046 ex-

1279 4078 1288 4083 ’
1343 4085 1565 4155 trema
1609 4089 1725 4137 ora
1767 4066 1842 4136 &
1892 4064 2359 4140 determinatio
2408 4067 2690 4141 mundi:
2741 4068 2810 4142 in
2862 4092 3003 4165 quo
3052 4095 3213 4143 cum
3243 4070 3753 4145 admirabilitate
3792 4071 4005 4146 maxi-

1343 4165 1464 4253 ma
1495 4164 1710 4265 igneae
1748 4159 1987 4235 formae
2031 4163 2264 4237 cursus
2312 4163 2686 4239 ordinarios
2732 4164 3089 4239 definiunt.
3138 4191 3223 4240 ex
3273 4169 3523 4265 quibus
3570 4167 3666 4242 sol
3712 4171 3849 4243 &o
3900 4174 4007 4255 (e-

1326 4267 1614 4387 Jregiam
1643 4256 2094 4358 descriptionem
2101 4258 2250 4362 solis
2273 4260 2357 4350 &³
2393 4265 2551 4336 luuae
2597 4261 3040 4362 stellarumque
3076 4266 3491 4338 inerrantium
3530 4265 3744 4339 deinde
3758 4263 4004 4438 affess)
