4585 5992
1272 675 1367 755 16
1740 681 1745 688 ‘
2070 667 2145 745 L
2232 668 2301 745 E
2390 667 2470 747 X
2559 667 2595 744 Ῑ
2684 668 2755 748 C
2849 667 2926 748 0
3019 665 3105 745 N
3212 767 3219 779 Ι
3545 761 3554 772 ·

1264 785 1734 898 Pythagoram
1777 804 2005 865 autem
2047 784 2495 884 respondiss‘e,
2539 786 2826 861 fimilem
2873 785 2997 864 fibi
3035 786 3257 864 videri
3313 783 3520 864 vitam
3563 788 3930 872 hominum

1266 894 1344 968 &
1386 911 1759 966 mercatum
1811 912 1969 961 eum
1996 944 2018 980 ,
2063 884 2184 985 qui
2226 884 2589 958 haberetur
2623 885 2932 959 maximo
2983 886 3306 960 ludorum
3357 895 3681 986 apparatu
3721 893 3934 969 totius

1263 990 1561 1063 Graeciae
1593 984 2003 1061 celebritate.
2039 1008 2196 1057 nam
2236 1004 2316 1056 ut
2347 983 2487 1056 illic
2515 982 2629 1055 alii
2661 983 3060 1081 corporibus
3099 984 3477 1058 exercitatis
3529 986 3820 1085 gloriam
3858 992 3935 1064 &

1264 1086 1690 1161 nobilitatem
1728 1105 2003 1157 coronae
2040 1102 2384 1179 peterent3
2427 1079 2541 1153 alii
2574 1081 2846 1154 emendi
2874 1100 2998 1152 aut
3026 1081 3367 1156 vendendi
3414 1083 3680 1181 quaestu
3716 1087 3792 1160 &
3827 1088 3937 1162 lu·-

1264 1183 1882 1269 croiducerentur3
1926 1180 2085 1253 effet
2119 1199 2347 1251 autem
2380 1176 2727 1278 quoddam
2803 1202 2969 1250 enus
2999 1202 3281 1270 eorum,
3313 1178 3523 1277 idque
3562 1182 3672 1255 vel
3712 1187 3932 1260 maxi-

1267 1280 1383 1355 me
1421 1282 1841 1381 ingenuum,
1934 1278 2008 1349 ui
2043 1301 2168 1349 nec
2202 1276 2516 1373 plausum
2539 1331 2562 1365 ,
2610 1299 2737 1348 nec
2784 1299 3030 1349 uerum
3062 1298 3487 1375 quaererent,
3529 1275 3643 1350 fed
3672 1280 3931 1359 visendi

1265 1379 1467 1453 caus-21
1500 1377 1812 1452 venirent
1833 1430 1853 1460 ,
1958 1369 2329 1470 udiose'tque
2369 1371 2850 1470 perspicerent,
2895 1371 3064 1469 quid
3093 1395 3405 1473 ageretur
3437 1375 3513 1448 &
3545 1381 3960 1471 quomodo}

1266 1475 1432 1549 item
1476 1499 1594 1548 nos
1631 1471 1817 1572 quasi
1852 1472 1924 1544 in
1966 1470 2298 1545 mercatus
2337 1469 2630 1568 quadam
2673 1468 3057 1543 celebritate
3088 1495 3176 1543 ex
3217 1470 3389 1543 urbe
3418 1471 3644 1569 aliqua
3663 1530 3686 1564 ,
3731 1474 3823 1549 fic
3858 1479 3932 1551 in

1269 1571 1447 1647 hanc
1482 1572 1695 1646 vitam
1721 1595 1821 1644 ex
1852 1569 1981 1642 alia
2001 1568 2142 1641 vita
2176 1568 2250 1641 δι’
2286 1567 2523 1641 natura
2553 1564 2940 1676 profectos?
2987 1565 3153 1639 alios
3185 1568 3424 1667 gloriae
3453 1565 3724 1658 servire,
3761 1573 3930 1650 alios

1268 1670 1580 1767 pecuniae
1603 1726 1626 1762 ‚
1664 1691 1856 1741 raros
1881 1665 2012 1740 ess'e
2095 1662 2416 1753 uosdam,
2462 1651 2624 1765 qui',
2654 1661 2908 1736 caetcris
2966 1662 3289 1737 omnibus
3326 1688 3451 1759 pro
3487 1666 3710 1740 nihilo
3741 1670 3932 1750 habi-

1269 1768 1393 1855 tis,
1447 1792 1677 1840 rerum
1715 1784 2020 1839 naturam
2118 1758 2355 1835 udiose
2397 1760 2857 1849 intuerentur,
2907 1758 3033 1832 hos
3076 1760 3142 1831 se
3200 1760 3538 1869 appellare
3593 1763 3966 1861 sapientiae'

1129 1916 1137 1928 ·
1268 1864 1641 1956 studiosos,
1690 1862 1760 1935 id
1810 1860 1907 1935 est
1961 1858 2187 1950 enim,
2236 1856 2733 1953 Philosophos3
2783 1855 2857 1926 &
2892 1873 2971 1926 ut
3008 1854 3152 1926 illic
3203 1855 3732 1932 liberaliffimum
3769 1864 3933 1938 esset

1271 1961 1566 2061 spectare
1587 2017 1611 2051 ‚
1644 1959 1819 2032 nihil
1859 1955 1982 2028 fibi
2015 1956 2476 2052 acquirentem
2497 2007 2516 2036 ‚
2550 1949 2728 2022 sicin
2763 1951 2905 2023 vita
2938 1950 3148 2052 longe
3178 1952 3499 2027 omnibus
3517 1956 3749 2030 studiis
3767 1982 3934 2037 con-

1269 2057 1783 2153 templationem
1821 2076 2048 2125 rerum
2085 2049 2689 2147 cognitionemque
2740 2045 3053 2143 praestare
3090 2104 3114 2139 ,
3164 2069 3230 2144 5.
3267 2046 3519 2146 Tuscul.
3555 2052 3667 2153 Q
3690 2054 3758 2128 8.
3788 2059 3928 2132 ὅτε.

1272 2153 1434 2228 vitae
1474 2171 1701 2226 autem
1742 2147 2068 2259 degendae·
2090 2151 2259 2258 ratio
2294 2141 2593 2218 maxime
2631 2144 2909 2242 quidem
2942 2144 3040 2217 illi
3082 2146 3338 2243 placuit
3356 2148 3581 2246 quieta
3613 2205 3635 2241 ,
3671 2153 3743 2225 in
3764 2177 3932 2230 con-

1273 2241 2913 2441 ‘esslssffis'e‹ss‘r30ffiliffsssssssslmpffigss-ass‘
2945 2241 3295 2450 ⁶325&stoe
3343 2342 3766 2451 temporibus
3799 2345 3935 2424 mis

1275 2447 1661 2534 maximus,
1717 2462 1776 2512 1.
1818 2440 1894 2511 de
1925 2441 2102 2512 Nat.
2141 2445 2254 2536 63.
2302 2436 2620 2511 Isocrates
2673 2437 3009 2539 multique
3042 2438 3201 2528 ahi,
3249 2462 3371 2542 qui
3413 2439 3566 2514 sunt
3603 2443 3936 2523 nominati

1278 2539 1575 2636 Sophistae
1600 2597 1624 2633 ,
1670 2538 1819 2610 ibid.
1843 2557 1955 2636 37.
1992 2536 2101 2611 sed
2134 2536 2209 2610 &
2246 2534 2591 2632 Gorgiam
2629 2534 2704 2608 &
2724 2553 3003 2610 caeteros
3022 2534 3367 2634 Sophistas
3404 2537 3584 2613 lusos
3616 2541 3940 2621 videmus

1280 2639 1324 2713 i
1351 2643 1662 2728 Socrate,
1710 2656 1773 2707 2.
1812 2634 1887 2705 de
1925 2640 2065 2708 Pin.
2100 2658 2168 2708 2.
2198 2655 2268 2708 at
2299 2634 2451 2730 quis
2484 2632 2581 2706 est
2626 2631 2740 2706 hic
2771 2632 2801 2704 ?
2853 2657 3023 2707 num
3067 2632 3426 2729 sophistes?
3468 2633 3559 2710 fic
3593 2640 3774 2711 enim
3814 2666 3937 2738 ap·

1280 2738 1626 2836 pellantur
1660 2733 1735 2809 hi
1755 2790 1778 2826 ,
1811 2733 1933 2830 qui
1959 2754 2077 2807 aut
2105 2729 2604 2822 ostentationiS,
2632 2748 2750 2803 aut
2780 2729 3077 2829 quaestfis
3109 2731 3310 2806 causa
3339 2731 3935 2832 philosophantur,

1281 2856 1351 2934 4.
1392 2833 1602 2907 Acad.
1667 2853 1777 2928 72.
1849 2828 1926 2905 O
1960 2829 2119 2904 vitae
2149 2829 2430 2904 Philoso
2481 2827 2593 2901 hia
2624 2826 2770 2901 dux
2797 2885 2818 2916 ‚
2864 2825 2910 2899 ὃ
2952 2827 3223 2902 virtutis
3272 2830 3650 2928 indagatrix
3690 2836 3937 2931 expul-

1279 2933 1417 3010 trix
1469 2957 1558 3009 ue
1590 2929 1916 3031 vitiorum
1937 2986 1960 3021 ,
1994 2929 2280 3027 quinon
2300 2951 2416 3000 mo
2466 2922 2522 3000 ὸ
2542 2950 2665 2999 nos
2688 2982 2711 3019 ‚
2755 2924 2867 3000 sed
2901 2925 3190 3001 omnino
3225 2928 3363 3002 vita
3397 2927 3757 3004 hominum
3799 2929 3941 3006 fine

1283 3053 1353 3107 te
1382 3058 1420 3106 e
1476 3056 1514 3104 e
1546 3025 1911 3127 potuifl‘et?
1962 3047 2038 3100 tu
2081 3026 2282 3100 urbes
2319 3022 2669 3124 peperisti:
2722 3044 2797 3097 tu
2830 3020 3168 3123 diffipatos
3216 3026 3525 3100 homines
3561 3025 3631 3099 in
3667 3025 3942 3105 societa-

1278 3149 1419 3202 tem
1458 3128 1619 3201 vitae
1653 3124 2086 3209 convocasti,
2131 3143 2208 3199 tu
2247 3148 2363 3198 eos
2392 3122 2570 3196 inter
2605 3118 2669 3196 sse
2707 3118 2936 3217 primo
2969 3123 3330 3211 domiciliis
3352 3182 3375 3216 ,
3409 3124 3662 3200 deinde
3699 3131 3944 3227 conju-

1280 3225 1457 3326 giis,
1507 3244 1657 3296 tum
1696 3222 2036 3294 literarum
2066 3221 2141 3290 δε
2171 3243 2430 3293 vocum
2463 3220 2956 3293 communione
2981 3221 3313 3317 junxisti:
3364 3244 3443 3296 tu
3479 3223 3825 3296 inventrix
3847 3224 3942 3297 lc-

1336 3345 1503 3410 um,
1549 3338 1627 3391 tu
1670 3316 1986 3414 magistra
2022 3339 2297 3411 morum
2343 3314 2417 3387 δι’
2455 3312 2825 3413 disciplina:
2880 3314 3066 3388 fuisti
3104 3373 3127 3407 ,
3192 3317 3280 3390 ad
3329 3337 3401 3389 te
3445 3317 3888 3418 confugimus
3914 3377 3939 3409 ‚

1282 3343 1336 3490 ξ
1367 3436 1434 3490 te
1474 3438 1678 3512 opem
1712 3411 2005 3509 petimus
2029 3469 2050 3502 ,
2096 3410 2223 3483 tibi
2251 3436 2375 3483 nos
2398 3466 2421 3500 ‚
2467 3433 2541 3483 ut
2570 3433 2762 3485 antea
2791 3468 2815 3503 ‚
2863 3437 2971 3483 ma
3029 3413 3114 3484 na
3152 3436 3238 3486 ex
3268 3432 3453 3511 parte
3483 3471 3506 3505 ‚
3554 3412 3644 3488 fic
3671 3416 3950 3513 penitus

1289 3512 1602 3611 totosque
1615 3508 2082 3587 tradimus.est
2115 3530 2340 3582 autem
2362 3531 2557 3582 unus‘
2576 3508 2716 3581 dies
2753 3507 2927 3582 bene
2960 3435 3035 3581 ἃ
3066 3532 3154 3582 ex
3193 3512 3544 3610 prae'ceptis
3556 3513 3689 3584 tuis
3707 3512 3899 3588 aetus
3920 3573 3948 3608 ‚

1285 3609 1598 3714 peccanti
1635 3606 2126 3701 immortalitati
2152 3605 2701 3711 anteponenduS‚
2754 3625 2818 3699 ς.
2858 3599 3096 3701 Tuscul.
3139 3606 3249 3707 Q
3283 3632 3349 3703 5.
3398 3609 3587 3705 quod
3617 3608 3667 3682 fi
3701 3609 3941 3695 itaest,

1289 3729 1370 3782 ut
1401 3734 1446 3781 n
1533 3732 1623 3779 ue
1658 3701 2011 3816 quisquam
2033 3761 2058 3796 ,
2106 3701 2225 3775 nifi
2268 3703 2492 3777 bonus
2522 3703 2628 3775 vir
2652 3759 2674 3794 ,
2723 3704 2799 3778 ὃ(
2838 3728 3077 3777 omnes
3110 3702 3278 3778 boni
3305 3705 3496 3779 ‘beati
3549 3704 3673 3781 fint
3704 3764 3721 3789 ,
3771 3709 3944 3807 quid

1290 3804 1500 3883 Philo
1527 3803 1733 3903 ophra
1785 3802 2003 3904 magis
2052 3802 2422 3876 colendum
2458 3857 2484 3894 ,
2545 3818 2662 3874 aut
2711 3800 2882 3901 quid
2927 3800 3026 3875 est
3074 3801 3326 3877 virmoe
3362 3802 3723 3879 divinius?
3782 3827 3841 3904 3.
3872 3806 3956 3880 de

1300 3908 1432 3975 Pin.
1512 3908 1581 3975 6.
3913 3954 3926 3961 f

1305 4026 1313 4047 ·
1384 3925 1576 4074 Tgta
1614 3994 2193 4096 Philosophorum
2234 3996 2376 4071 vita
2397 4054 2416 4083 ,
2464 4015 2544 4070 ut
2587 3995 2682 4071 ait
2713 3995 2940 4088 idem,
2982 3984 3343 4087 (Socrates
3381 3997 3424 4090 )
3465 4002 3959 4079 commentatio

1244 4178 1248 4183 ,
1292 4100 1533 4174 mortis
1573 4095 1691 4169 est.
1725 4120 1883 4168 nam
1974 4094 2093 4167 uid
2131 4094 2316 4168 aliud
2354 4093 2660 4197 agimu8‚
2706 4091 2870 4167 cum
2903 4093 2942 4168 a
2974 4097 3372 4193 voluptate,
3416 4096 3489 4171 id
3522 4098 3621 4172 est
3661 4158 3683 4191 ‚
3734 4099 3773 4173 a
3799 4125 3953 4173 cor-

1391 4219 1502 4286 re,
1547 4188 1713 4269 cum
1744 4190 1787 4266 εὶ
1818 4217 1890 4267 re
2002 4186 2283 4283 miliari,
2330 4217 2485 4289 quae
2522 4191 2620 4265 est
2658 4191 2963 4265 ministra
2989 4193 3066 4265 &
3097 4193 3355 4269 famula
3394 4199 3738 4294 corporis,
3782 4194 3948 4270 cum

1280 4320 1334 4409 a}
1366 4280 1716 4401 republica
1732 4346 1756 4385 ,
1783 4285 1946 4368 cum
1987 4287 2550 4394 &negotioomni
2576 4285 3347 4371 sevocamusanimum?
3382 4294 3554 4395 quid
3574 4353 3599 4389 ‚
3634 4295 3966 4463 inquafd

1362 4442 1373 4453 ·
1414 4416 1437 4429 ⁴
2264 4416 2310 4430 '⁴
3799 4408 3827 4464 t
