4585 5992
1062 617 2146 699 PHILOSOPHICUM.
2343 561 2482 685 m
2508 638 2575 686 P.
2620 598 2820 688 ΧΠ.
3111 618 3249 708 137

695 733 928 809 Deum
969 736 1228 835 semper
1261 761 1456 837 agere
1483 737 1742 835 aliquid
1783 738 1858 810 &
1893 732 2119 808 moliri
2137 730 2422 818 volunt,
2479 747 2539 824 3.
2566 729 2640 799 de
2676 727 2816 818 Off.
2849 726 3111 802 summa
3132 753 3249 801 ve·

589 825 682 902 τὸ
723 831 822 906 vis
853 832 1202 907 infinitatis
1230 836 1305 908 &
1342 834 1588 931 magna
1617 858 1697 908 ac
1735 830 2039 934 diligenti
2078 826 2643 922 contemplatione
2671 822 3049 930 dignisfima
3101 823 3243 913 est,

608 948 670 997 1.
701 926 776 996 de
812 935 982 1002 Nat.
1026 952 1144 1025 50.
1197 955 1353 1028 quae
1389 930 1618 1003 omnia
1672 954 1834 1002 cum
1880 929 1986 1001 dei
2021 927 2298 999 notione
2343 921 2981 1019 comprehendimus
3002 975 3027 1008 ‚
3082 944 3140 990 1.
3171 922 3249 990 de

595 1023 775 1095 Nat.
810 1021 904 1097 fas
941 1045 1160 1098 autem
1198 1028 1446 1098 nonest
1462 1048 1587 1098 nec
1605 1048 1906 1122 unquam
1939 1022 2107 1112 fuit,
2149 1020 2523 1118 quidquam
2546 1015 2669 1091 nifi
2703 1015 3281 1116 pulcherrimum.

598 1117 814 1209 ficere
846 1144 1003 1193 eum
1043 1120 1165 1216 qui
1195 1121 1356 1193 esset
1386 1122 1710 1230 optimus.
1739 1175 1754 1191 .
1783 1174 1799 1192 .

686 1216 880 1289 Deus
908 1216 1113 1290 nullis
1150 1215 1715 1314 occupationibus
1754 1216 1852 1291 est
1891 1215 2314 1315 implicatus,
2368 1237 2428 1286 ι.
2473 1211 2548 1282 de
2577 1213 2753 1285 Nat.
2789 1234 2905 1307 51.

693 1313 986 1395 (Contra
1013 1313 1307 1382 Platonis
1315 1311 1690 1404 sbntentiam
1721 1313 1796 1380 de
1823 1317 2170 1382 aeternitate
2190 1311 2369 1400 Dei,
2413 1313 2519 1403 qui
2550 1307 2752 1402 opifex
2785 1308 3001 1379 mundi
3016 1315 3115 1402 fit
3160 1308 3246 1388 ἀ

596 1405 972 1496 edificator,
1009 1409 1210 1475 multa
1246 1406 1451 1497 objicit
1491 1406 1768 1477 Velleius
1794 1406 1883 1474 ad
1932 1406 2092 1477 hunc
2129 1407 2375 1475 modum
2398 1417 2473 1498 .·)
2525 1407 2817 1481 sciscitor
2841 1463 2864 1496 ‚
2896 1430 3020 1481 cur
3038 1431 3245 1480 mun-

598 1500 676 1571 di
712 1500 1149 1572 aedificatores
1179 1499 1455 1597 repente
1488 1500 1861 1573 exstiterint
1880 1557 1904 1592 ‚
1933 1499 2447 1575 innumerabilia
2485 1521 2635 1574 ante
2669 1503 2910 1577 saecula
2948 1503 3243 1577 dormie-

601 1595 760 1668 rint.
793 1619 933 1667 non
964 1594 1146 1667 enim
1187 1593 1238 1666 fi
1273 1594 1573 1668 mundus
1607 1595 1839 1668 nullus
1869 1617 2049 1687 erat,
2095 1597 2337 1671 saecula
2376 1621 2514 1669 non
2535 1618 2741 1670 erant.
2781 1599 3020 1674 saecula
3053 1625 3244 1675 nunc

600 1690 759 1761 dico
775 1747 798 1780 ,
846 1716 987 1770 non
1032 1715 1107 1763 en
1146 1715 1306 1787 quae
1340 1692 1603 1766 dierum
1644 1690 2090 1788 noctiumque
2125 1717 2413 1766 numero
2450 1694 2689 1766 annuis
2725 1693 3028 1768 cursibus
3077 1722 3245 1770 con.-

596 1783 948 1857 ficiuntur.
986 1808 1142 1859 nam
1180 1785 1391 1861 fateor
1427 1813 1505 1860 ea
1536 1785 1672 1861 fine
1697 1788 1942 1861 mundi
1981 1787 2413 1861 conversione
2430 1787 2605 1861 effici
2625 1811 2763 1858 non
2797 1789 3100 1882 potuiss‘e.
3137 1789 3249 1865 sed

597 1877 730 1952 fuit
766 1880 1080 1977 quaedam
1133 1881 1244 1970 ab⁴
1273 1882 1545 1955 infinito
1596 1904 1903 1978 tempore
1932 1885 2261 1957 aeternitas
2284 1941 2308 1974 ‚
2355 1907 2564 1980 quam
2624 1882 2811 1956 nulla
2850 1903 3244 1981 temporum

597 1963 1131 2072 circumscriptio
1163 1976 1580 2050 metiebatur.
1612 1978 1819 2073 spatio
1858 1998 2081 2050 tamen
2103 2033 2126 2066 ,
2157 1978 2372 2075 qualis
2393 2004 2470 2050 ea
2491 1975 2695 2049 fuerit
2716 2033 2739 2066 ‚
2769 1977 3056 2079 intelligi
3102 2007 3245 2057 non

599 2071 838 2167 potest.
871 2071 1059 2170 quod
1094 2098 1178 2147 ne
1218 2074 1292 2145 in
1333 2073 1811 2172 cogitationem
1866 2072 2145 2169 quidem
2187 2072 2402 2160 cadit,
2448 2090 2528 2143 ut
2561 2070 2765 2143 fuerit
2816 2090 3086 2171 tempus
3125 2079 3246 2151 ali-

597 2169 788 2265 quod
811 2218 837 2257 ,
865 2170 1136 2243 nullum
1166 2167 1329 2243 cum
1360 2190 1630 2268 tempus
1662 2165 1841 2242 ess‘et.
1878 2167 2047 2242 istoi
2100 2168 2231 2240 itur
2251 2188 2387 2241 tam
2407 2167 2735 2239 immenso
2766 2167 2974 2262 spatio
2993 2219 3019 2258 ,
3057 2195 3246 2266 quae.

602 2289 682 2337 ro
702 2322 724 2356 ,
752 2264 964 2338 Balbe
997 2324 1020 2357 ‚
1059 2292 1184 2340 cur
1205 2269 1502 2340 Pronoea
1529 2265 1745 2341 vestra
1797 2266 1973 2357 (haec
2002 2289 2035 2335 e
2104 2263 2553 2355 providentia)
2598 2261 2945 2338 ceffaverit
2978 2267 3007 2340 ?
3053 2265 3241 2341 labo-

599 2386 865 2435 rem-ne
898 2359 1240 2464 fugiebat?
1288 2383 1355 2436 at
1382 2362 1501 2436 iste
1521 2386 1646 2436 nec
1678 2362 1945 2463 attingit
1962 2362 2166 2435 deum
2185 2416 2209 2451 ‚
2238 2379 2520 2435 necerat
2547 2359 2727 2434 ullus
2748 2415 2772 2450 ‚
2804 2357 2968 2454 curn
3005 2386 3243 2439 omne·

603 2479 862 2531 naturae
891 2458 1156 2532 numini
1197 2459 1435 2531 divino
1471 2460 1770 2549 caelum,
1815 2460 2037 2557 ignes,
2080 2477 2275 2530 terrae
2296 2514 2320 2548 ,
2351 2457 2556 2529 maria
2585 2476 2908 2551 parerent.
2932 2459 3100 2557 quid
3120 2486 3244 2534 au·

595 2572 736 2627 tem
771 2574 906 2627 erat
934 2555 1126 2652 quod
1158 2554 1663 2649 concupisceret
1700 2554 1864 2628 deus
1913 2553 2252 2628 mundum
2307 2550 2510 2648 fignis
2545 2553 2620 2625 &
2648 2554 3054 2647 luminibus,
3098 2563 3252 2630 tan-'

603 2674 810 2747 quam
847 2651 1101 2742 aedilis,
1139 2652 1434 2724 ornare?
1490 2649 1540 2722 fi
1576 2670 1653 2724 ut
1691 2650 1856 2725 deus
1885 2650 2021 2748 ipse
2055 2647 2300 2724 melius
2342 2649 2665 2724 habitaret
2696 2706 2720 2741 ‚
2778 2671 2968 2726 antea
2992 2652 3239 2727 -videli-

505 2807 508 2808 γ
603 2765 712 2820 cet
743 2768 1047 2845 tempore
1095 2747 1361 2821 infinito
1392 2748 1465 2821 in
1507 2746 1794 2821 tenebris
1817 2803 1834 2829 ,
1880 2766 2196 2844 tanquam
2244 2745 2315 2817 in
2346 2745 2748 2846 gurgustio„
2808 2746 3239 2825 habitaverat.

602 2844 754 2940 post
789 2864 1014 2917 autem
1047 2845 1481 2940 varietate-ne
1519 2869 1680 2917 eum
1709 2841 2022 2916 delectari
2157 2861 2377 2914 tamus
2397 2897 2421 2932 ‚
2469 2843 2603 2939 qua
2635 2844 2891 2915 coelum
2924 2847 2999 2918 ὃς
3035 2866 3240 2921 terras

600 2961 948 3015 exornatas
985 2940 1349 3016 videmus?
1400 2965 1557 3038 quae
1593 2940 1714 3013 ista
1758 2938 1973 3035 pctest
2005 2867 2153 3011 clii?
2171 2937 2535 3010 oblectatio
2568 2937 2748 3012 deo?
2772 2963 2952 3035 Aquae
2973 2940 3021 3013 s1
3043 2942 3243 3037 esset,

605 3060 747 3108 non
775 3040 855 3108 ea
885 3033 1148 3109 tamdiu
1168 3062 1390 3110 carere
1418 3034 1756 3133 potuiffet.
1789 3060 1873 3107 an
1903 3035 2052 3107 haec
2073 3089 2096 3122 ‚
2132 3053 2211 3105 ut
2229 3029 2373 3103 fere
2414 3032 2670 3122 dicitis,
2704 3034 3060 3107 hominum
3083 3063 3241 3111 cau-

603 3132 676 3203 sa
713 3131 751 3204 a
783 3132 914 3225 deo
954 3130 1314 3205 constituta
1359 3131 1556 3205 sunt?
1609 3129 2149 3226 sapientum-ne?
2201 3145 2480 3227 propter
2539 3152 2810 3224 paucos
2841 3128 3005 3227 ergo
3059 3151 3243 3206 tanta

602 3227 698 3300 est
732 3225 906 3301 faeta
943 3252 1170 3301 rerum
1215 3228 1502 3301 molitio.
1530 3251 1616 3301 an
1648 3226 2051 3300 stultorum?
2087 3246 2171 3300 ‚at
2197 3224 2501 3323 primum
2536 3225 2729 3297 causa
2771 3249 2911 3296 non
2953 3224 3085 3298 fuit
3115 3251 3275 3301 cur-

600 3324 687 3397 de‘
720 3323 1049 3420 improbis
1093 3322 1267 3397 bene
1308 3343 1695 3415 mereretur.
1744 3322 1985 3395 deinde
2036 3322 2203 3418 quid
2259 3321 2356 3394 est
2397 3321 2759 3410 ass‘ecutuS,
2794 3318 2962 3395 cum
3001 3348 3241 3398 omnes

605 3419 791 3494 stulti
819 3417 945 3492 fint
985 3418 1122 3492 fine
1161 3420 1374 3494 dubio
1409 3418 1804 3505 miserrimi3
1867 3416 2162 3491 maxime
2213 3418 2403 3514 quod
2459 3416 2641 3490 stulti
2688 3418 2888 3492 sunt?
2933 3420 3239 3494 miserius

600 3518 784 3589 enirn
820 3516 1095 3591 stultitia
1137 3518 1303 3613 quid
1339 3518 1690 3613 poss'umus
1721 3515 1986 3590 dicere?
2036 3515 2173 3587 δίε.
2219 3539 2276 3586 1.
2308 3514 2382 3584 de
2426 3521 2595 3585 Nat.
2642 3538 2800 3612 quae
2853 3517 3049 3590 causa
3105 3518 3235 3605 im..

589 3612 845 3709 pulerit
880 3638 1038 3686 eum
1064 3670 1088 3704 ‚
1135 3614 1255 3711 qui
1288 3613 1432 3689 haec
1462 3614 1878 3687 machinatus
1906 3612 2028 3702 fit,
2069 3632 2148 3686 ut
2186 3610 2521 3711 originem
2563 3636 2788 3687 rerum
2828 3614 2903 3687 &
2943 3612 3242 3708 molitio-⁴

604 3733 762 3781 nem
793 3735 1041 3784 novam
1083 3732 1450 3811 quaereret,
1492 3709 1567 3781 de'
1596 3713 1795 3782 Univ.
1826 3734 1899 3806 7.
2630 3708 2637 3715 ’

690 3803 837 3901 Qui
879 3803 1045 3880 verb
1088 3806 1427 3881 mundum
1464 3806 1683 3905 ipsum
1713 3807 2114 3882 animantem
2153 3807 2650 3905 sapientemque
2692 3806 2827 3882 effe
2861 3807 3233 3903 dixerunt}¹

601 3902 796 3972 nullo
836 3902 1043 3975 modo
1071 3904 1389 3977 viderunt
1425 3904 1634 3978 animi
1669 3928 1975 3979 naturam
2008 3963 2031 3998 ‚
2076 3906 2522 4004 intelligentes
2577 3905 2649 3979 in
2688 3929 2890 4003 quam
2936 3907 3228 4008 figuram

599 3996 833 4070 cadere
867 3999 1117 4093 posset,
1171 4001 1330 4072 1.,αέ
1368 4002 1540 4071 Nat.
1577 4025 1696 4075 21.
1740 4004 1876 4077 &c.
3260 4016 3266 4022 '

685 4091 1072 4167 Videtis-ne
1119 4096 1326 4196 igitur
1365 4118 1442 4171 ut
1481 4097 1520 4172 a
1555 4097 1845 4197 physicis
1888 4097 2088 4172 rebus
2147 4097 2325 4172 bene
2373 4122 2574 4199 atque
2624 4100 2876 4176 utiliter
2942 4102 3235 4187 inventis

596 4185 811 4265 tracta
837 4187 1019 4299 'ratio
1055 4188 1134 4265 fit
1169 4191 1253 4267 ad
1289 4195 1786 4273 commentitios
1819 4196 1892 4273 ὃ(
1926 4194 2127 4273 fictos
2165 4196 2405 4370 18)εοεὲ
2447 4222 2602 4294 quae
2640 4223 2742 4275 res
2776 4198 3013 4298 genuit
3045 4199 3237 4311 falfi-s

897 4318 906 4327 ‘
3082 4322 3234 4390 ,09⁸2
