4585 5992
925 626 1414 713 LEXICON
1451 621 2335 708 PHILOSOPHICUM.
2470 625 2652 706 ΜΟ.
2676 623 2863 709 MU.

567 749 921 836 Morigeror
955 800 978 830 ‚
1037 754 1130 821 ari
1171 778 1187 817 ε
1245 772 1448 817 morem
1475 773 1613 836 gero
1631 794 1654 829 ,
1715 746 1865 830 obsta

649 858 810 918 quor.

567 918 818 982 Morior
839 963 861 993 ,
902 917 1087 981 mori.
1141 921 1160 991 (
1189 918 1278 981 V.
1301 918 1441 1000 App.
1466 926 1489 996 )

1996 745 2281 829 disciplina
2298 788 2321 818 ,
2365 743 2489 827 ustos
2509 790 2528 819 ,
2570 753 2752 824 ritui,
2795 751 3004 824 modus,
3031 657 3210 835 ZZZ,

1995 851 2174 892 orum.
2228 827 2345 903 (V.
2366 832 2539 912 App.)
2588 849 2752 894 novo
2785 853 2997 909 more,
3041 834 3210 900 nullo

1996 911 2307 993 exemplo.
2329 952 2345 971 .
2370 954 2386 972 .

565 1002 794 1065 Moror
813 1048 835 1077 ,
877 1002 1002 1066 ari:
1061 1021 1363 1064 commoror
1382 1043 1405 1076 ‚
1447 1015 1637 1061 maneo
1660 1039 1682 1071 ,
1722 1016 1861 1057 cun-
1914 993 2129 1058 Motio
2165 1033 2188 1069 5
2247 992 2420 1057 onis}
2471 1008 2653 1055 motus
2671 1037 2691 1069 ,
2731 1001 3041 1060 commotio.
3103 1000 3209 1090 qui

648 1091 768 1148 eor
781 1129 799 1159 ‚
833 1091 892 1147 in
924 1078 1086 1145 mord
1101 1084 1257 1162 fiam.

563 1168 746 1230 Mors
764 1210 785 1240 ,
829 1165 945 1227 tis:
985 1168 1245 1226 intffitus
1267 1207 1286 1236 ,
1325 1162 1542 1244 occasies
1560 1204 1580 1234 ,
1606 1159 1813 1241 fatum
1835 1200 1857 1232 ,

641 1252 856 1312 lethum
892 1290 912 1320 ,
971 1249 1155 1309 exitus
1172 1291 1192 1321 ,
1233 1244 1476 1332 desteffics
1497 1289 1515 1316 ,
1558 1240 1792 1326 exceffies
1830 1246 1859 1301 ὲ

644 1333 776 1394 ’ω’ῑᾶ
817 1375 839 1405 ,
881 1329 958 1410 fi‘
992 1349 1173 1389 remus
1207 1330 1318 1390 dies
1342 1371 1362 1399 ,
1422 1342 1701 1388 extremus
1735 1326 1860 1385 vitae

646 1416 760 1476 dies
795 1456 814 1485 ,
871 1412 931 1472 di
973 1413 1162 1475 olatio.
1232 1409 1367 1481 (V.
1405 1419 1557 1490 App.
1636 1404 1713 1472 ὑ·
1748 1425 1861 1485 quae

646 1498 712 1557 de
747 1509 923 1557 morte
957 1495 1219 1554 dicuntur
1235 1495 1294 1554 in
1312 1493 1407 1554 lib.
1444 1493 1507 1552 de
1524 1490 1858 1567 Seneaute.)

657 1577 758 1641 cui
808 1575 878 1639 fit
918 1575 1310 1657 exploratum
1343 1575 1400 1636 se
1433 1570 1512 1635 ad
1546 1572 1859 1652 vesperam

656 1657 770 1723 effe
819 1657 1120 1723 viCturum
1162 1669 1183 1716 ἓ
1266 1662 1394 1722 &c.
1479 1650 1861 1717 moriendum

648 1744 816 1805 enim
849 1739 1017 1805 certe
1050 1739 1130 1802 est
1169 1783 1191 1812 ,
1249 1743 1315 1804 &
1353 1737 1416 1798 id
1451 1735 1752 1800 incertum
1785 1751 1862 1797 an

645 1843 725 1891 eo
779 1823 914 1918 ipso
948 1821 1086 1896 die,
1142 1827 1271 1886 δίς.
1358 1831 1626 1883 mortem
1677 1813 1864 1903 igitur

656 1908 940 1971 omn1bus
1000 1902 1168 1969 horis
1225 1901 1680 1986 impendentem
1737 1900 1870 1984 quis

652 1995 840 2074 poffit
876 1986 1475 2054 animO-confistere>
1542 1987 1637 2049 lib.
1675 1987 1738 2047 de
1769 1987 1867 2049 Se-

651 2081 794 2139 ηεθ.
844 2071 992 2158 quid
1026 2069 1107 2135 est
1143 2069 1205 2132 in
1242 2069 1512 2134 bominis
1546 2066 1676 2132 vitii
1711 2066 1814 2131 diu
1842 2082 1863 2132 i·

651 2155 736 2221 da
804 2157 970 2222 enim
1003 2157 1373 2237 ,supremum
1404 2172 1684 2256 tempus,
1733 2155 1861 2216 διε.

647 2240 863 2302 ibidem.
929 2236 1240 2303 discessum
1289 2236 1480 2303 animi
1529 2259 1564 2300 a
1604 2254 1863 2318 corpore

649 2340 872 2404 putant
907 2320 1020 2388 effe
1053 2339 1318 2384 mortem
1337 2366 1360 2396 ‚
1409 2337 1463 2387 1.
1495 2320 1650 2400 Tufi.
1699 2339 1862 2401 quae-

648 2426 728 2467 ro
761 2427 965 2472 autem
1003 2403 1150 2490 quid
1182 2402 1251 2465 fit
1287 2448 1309 2478 ‚
1372 2401 1535 2486 quod
1565 2422 1705 2466 cum
1739 2400 1861 2465 dis-

649 2489 991 2562 solutione,
1052 2485 1117 2548 id
1152 2484 1232 2549 est
1267 2530 1289 2560 ,
1349 2505 1552 2550 morte
1587 2530 1608 2560 ‚
1668 2485 1859 2548 sensus

647 2572 851 2637 omnis
867 2571 1299 2653 exstinguatur,
1334 2586 1389 2631 2.
1409 2571 1475 2629 de
1490 2571 1613 2631 Fin.
1637 2587 1856 2650 quam-

641 2654 833 2736 quam
866 2672 1136 2719 mortem
1172 2648 1416 2734 quidem
1447 2649 1855 2714 omnibus'na-

643 2754 786 2801 tura
816 2734 1160 2828 proposuit.
1200 2779 1216 2795 .
1259 2780 1274 2794 .
1335 2750 1504 2797 vetat
1540 2733 1704 2796 enim
1740 2731 1853 2794 do·

1993 1075 2284 1170 protrufit
2303 1072 2652 1168 cylindrum
2674 1121 2698 1151 ,
2737 1076 2907 1142 dedit
2942 1079 2999 1143 ei
3035 1098 3206 1161 prin-

1990 1177 2225 1241 cipium
2259 1173 2578 1222 motionis.
2605 1205 2620 1223 .
2648 1205 2664 1221 .
2726 1163 2919 1226 animi
2975 1163 3207 1228 motio-

1990 1259 2115 1305 nes.
2167 1243 2284 1317 (V.
2327 1244 2505 1326 App.)

1912 1321 2127 1386 Motus
2146 1367 2168 1397 ,
2211 1323 2323 1388 fis:
2364 1328 2536 1388 motio
2553 1369 2575 1400 ,
2617 1328 2881 1411 agitatio,
2916 1332 3205 1424 impufficr,

1982 1406 2177 1495 wlfiv
2211 1450 2231 1480 ,
2291 1425 2668 1476 momentum⁸<
2732 1411 2939 1476 motus
2977 1433 3176 1495 princi

1995 1505 2170 1567 pium
2205 1486 2286 1551 ab
2324 1488 2545 1553 animis
2573 1490 2686 1555 effe
2720 1490 2964 1558 duflum
2986 1541 3006 1569 ,
3054 1517 3109 1560 2.
3144 1501 3210 1560 de

1996 1571 2145 1639 Nat.
2184 1587 2275 1651 32.
2323 1590 2527 1635 motus
2560 1573 2824 1639 animi...
2864 1598 3066 1642 motus
3100 1600 3209 1643 co-

1996 1650 2322 1745 git-ationis
2369 1653 2649 1720 celeriter
2686 1653 2974 1742 agitatus.
3002 1707 3017 1723 .
3042 1708 3057 1722 .
3116 1662 3212 1723 in-

1999 1755 2275 1799 animum
2315 1737 2398 1801 est
2430 1738 2594 1804 enim
2625 1759 2806 1804 omne
2841 1743 3004 1824 quod
3042 1743 3212 1825 pulsu

2000 1818 2275 1912 agitatur
2307 1839 2577 1887 externo.
2658 1822 2824 1907 quod
2876 1845 3079 1888 autem
3128 1827 3211 1890 est

2003 1922 2386 1979 animatum,
2423 1903 2488 1967 id
2522 1924 2698 1970 motu
2733 1906 2923 1971 cietur
2958 1909 3212 1972 interio-

2003 2006 2068 2050 re
2102 1992 2168 2052 &
2207 1990 2383 2051 su0...
2430 1988 2580 2053 duos
2613 1989 2820 2072 placet
2853 1988 2966 2055 esse
2984 1989 3211 2067 motus,

2000 2089 2182 2131 unum
2201 2072 2410 2145 suum,
2452 2071 2714 2135 alterum
2746 2091 3100 2149 externum,
3146 2095 3209 2145 2.

1998 2152 2223 2216 deNat.
2249 2171 2343 2236 32.
2399 2153 2516 2228 (V.
2557 2158 2730 2238 App.)
2785 2156 2914 2219 vim
2945 2156 3207 2221 cientem

1999 2252 2228 2309 motus,
2269 2240 2396 2298 &c.
2424 2281 2439 2297 .
2465 2282 2481 2298 .
2526 2236 2622 2300 vis
2653 2236 2886 2303 vitalis.
2912 2285 2927 2301 .
2952 2284 2968 2302 .

1919 2318 1958 2362 *
1977 2318 2172 2384 Motus
2194 2322 2590 2412 prinioprimus
2623 2347 2644 2383 .-
2704 2319 2969 2404 impetus
3004 2367 3026 2397 ,
3086 2317 3207 2387 im'-

1999 2399 2204 2491 pulfio.
2233 2447 2248 2463 .
2275 2448 2290 2464 .
2337 2417 2574 2486 impetu
2591 2401 2856 2485 quodam
2876 2405 3119 2470 mentis.
3147 2453 3161 2468 .
3187 2452 3204 2468 .

1996 2483 2275 2565 impuliio
2315 2484 2397 2548 est
2433 2530 2455 2559 ,
2516 2506 2643 2568 quae
2680 2486 2797 2551 {ine
2827 2483 3207 2572 cogitatione

1991 2583 2101 2645 per
2168 2567 2498 2651 quamdam
2567 2565 2948 2636 affeffionem
3013 2570 3205 2635 animi

1990 2645 2193 2712 facere
2228 2648 2464 2733 aliquid
2499 2649 2781 2715 hortatur
2802 2697 2823 2729 ,
2881 2671 2947 2717 ut
2986 2674 3206 2732 amor,

1990 2728 2306 2796 iracundia
2327 2778 2349 2808 ,
2393 2753 2449 2797 2.
2471 2734 2637 2797 Rhet.
2669 2753 2762 2810 17.

647 2819 890 2883 minans
939 2818 1044 2880 ille
1090 2816 1154 2876 in
1198 2815 1373 2878 nobis
1427 2814 1592 2878 Deus
1647 2813 1853 2892 injussu
1916 2815 2171 2887 Move0,
2201 2835 2337 2877 ere:
2381 2835 2675 2890 moveor,
2716 2817 2828 2880 eri.
2880 2818 2996 2898 (V.
3019 2820 3199 2904 App.)

646 2900 792 2964 hinc
810 2922 919 2964 nos
937 2901 1040 2962 suo
1058 2895 1425 2980 demigrare,
1453 2901 1579 2958 &a
1623 2898 1850 2978 1.Tufi.
1914 2894 2152 2959 maleta
2189 2941 2209 2969 ,
2273 2917 2319 2958 ae
2361 2918 2377 2958 ε

646 2984 927 3049 omnibus
959 2980 1234 3063 obeunda
1267 2999 1434 3042 mors
1448 2976 1529 3041 est
1550 3022 1571 3054 ,
1604 2995 1711 3061 pro
1727 2982 1852 3042 Clu.

563 3150 865 3215 Mortalis
886 3195 907 3226 ,
948 3172 1016 3214 e:
1057 3144 1403 3235 dtffilabilis,
1438 3146 1613 3205 homo.
1675 3162 1855 3206 omne

648 3233 882 3298 animal
932 3231 1196 3296 mortale
1251 3234 1316 3293 δε
1362 3224 1701 3289 dissolubile
1731 3227 1852 3300 est,

651 3318 773 3398 3.de
794 3320 935 3384 Nat.
949 3333 1009 3399 31
1022 3333 1252 3378 .omnes
1271 3310 1565 3373 mortales
1581 3308 1853 3372 omnium

639 3418 926 3481 generum
946 3443 968 3473 ‚
995 3415 1287 3461 ·aetatum.
1329 3439 1345 3457 .
1379 3440 1395 3456 .

643 3483 797 3547 tales
857 3481 959 3566 qui
1004 3480 1221 3561 ubique
1274 3478 1427 3539 sunt.
1479 3521 1493 3536 .
1545 3522 1560 3537 .
1617 3555 1631 3568 ·

643 3565 940 3630 mortales
977 3564 1092 3626 una
1129 3579 1329 3625 mente
1365 3561 1764 3622 consentiunt.
1791 3605 1805 3621 .
1838 3606 1852 3622 .

2429 2913 2593 2978 poena
2628 2925 2649 2959 .-
2713 2899 2942 2961 mulc‘io
2982 2944 3004 2974 ‚
3065 2923 3205 2968 are:

1992 2977 2353 3053 ministratus,
2402 3001 2481 3053 a,
2523 3001 2650 3041 um.
2704 2980 2821 3053 (V.
2851 2990 3029 3065 App.)

1915 3060 2272 3135 Muliebris,
2316 3084 2385 3126 e:
2429 3061 2809 3125 muliebriter
2847 3107 2866 3135 ‚
2931 3065 3207 3130 effoemi-

1988 3146 2170 3208 nate:
2214 3143 2472 3218 mulier,
2513 3145 2669 3208 eris:
2712 3144 3094 3224 muliercula,
3134 3169 3202 3213 τε

1992 3227 2389 3292 mulierositas
2426 3272 2447 3301 ‚
2514 3227 2631 3291 tis:
2693 3227 3084 3307 mulierosus,
3129 3256 3202 3307 a,

1991 3330 2117 3372 um.
2170 3311 2286 3385 (V.
2324 3309 2505 3404 App.)
3162 3312 3169 3323 '

1439 3411 1652 3456 omnes
1688 3412 1856 3456 mor-
1916 3392 2228 3467 *Mulius,
2271 3395 2487 3457 mulio.

1647 3495 1857 3540 omnes
1919 3473 2335 3539 Multifariam
2358 3521 2377 3549 ‚
2419 3480 2612 3541 multis
2647 3481 2777 3543 locis
2796 3508 2816 3543 .·
2867 3487 3000 3555 (non
3016 3505 3204 3549 autem

1995 3561 2187 3621 multis
2217 3560 2387 3621 modis
2404 3604 2424 3633 ,
2450 3562 2553 3642 fia
2585 3567 2879 3646 multiplici
2909 3574 3142 3635 ratione.
3167 3579 3186 3644 )

555 3652 867 3712 *Mortale
885 3665 1230 3730 peccatum,
1263 3640 1678 3712 mortiferum,
1712 3661 1854 3723 gra-
1918 3641 2372 3724 '‘Malttfari'ts,
2416 3665 2452 3703 a
2472 3687 2494 3715 ,
2534 3668 2628 3705 mn
2649 3671 2670 3708 .-
2715 3647 2915 3711 varius
2935 3693 2957 3723 ‚
3001 3650 3202 3715 diver-

644 3754 717 3796 ve
755 3736 822 3794 &
861 3728 1272 3793 mortiferum.

1993 3726 2087 3785 sus
2106 3768 2124 3796 ,
2169 3723 2513 3806 multiplex.

559 3813 965 3887 Mortalitas‚
1010 3812 1165 3876 atis:
1227 3810 1480 3872 mortalis
1516 3809 1642 3868 vite
1671 3807 1852 3869 cond·
1919 3804 2447 3881 Multiformis,e:
2493 3814 2720 3885 varius,
2762 3814 3021 3897 diveifm,
3078 3819 3199 3900 (VJ.

647 3901 725 3958 tio
745 3940 761 3965 ‚
802 3915 1027 3958 natura.

2011 3901 2199 3970 ΑΡΡ)

557 3976 860 4046 Mortifer
896 4022 916 4050 ‚
975 4000 1013 4041 a
1051 4020 1071 4050 ‚
1132 3994 1272 4037 um:
1316 3988 1549 4034 mortem
1579 3970 1854 4057 afferens,
1911 3971 2242 4054 Multiplex
2264 4016 2284 4047 ,
2327 3970 2452 4036 cis:
2496 3978 2721 4049 varius,
2764 3981 3022 4061 copiosus,
3056 3987 3203 4046 mal.

631 4061 964 4147 perniciofies
992 4102 1010 4132 ,
1043 4058 1284 4140 pestifer.

552 4145 942 4227 *Mortificm
983 4160 1208 4212 enec0,
1247 4135 1494 4201 occido.

1990 4059 2191 4137 tiplicis
2221 4060 2463 4139 generis.
2522 4058 2845 4141 multiplex
2879 4064 3046 4128 ratio
3080 4066 3202 4131 dif-

1990 4138 2265 4218 putandi.
2333 4139 2450 4207 (V.
2492 4149 2669 4229 App.)

554 4231 713 4299 Mos
744 4271 769 4304 ,
829 4222 1054 4288 moris:
1105 4222 1461 4306 consuetudo,
1502 4220 1810 4303 institutum
1829 4248 1882 4305 ,χ
1911 4220 2455 4299 Multiplicabilis,
2494 4245 2527 4289 e
2549 4267 2574 4300 ,
2612 4227 2936 4311 malnplex.

2034 4303 2269 4390 Mm3
3032 4311 3209 4380 Mul..
