4585 5992
1113 601 2204 687 PHILOSOPHICUM.
2402 618 2636 695 CAP.
2705 624 2859 705 IX.
3173 658 3317 748 jn}

664 722 1007 815 vitiositas:
1043 716 1136 796 fic
1162 724 1348 798 enim
1384 725 1566 800 malo
1587 776 1610 813 ,
1652 726 1863 827 quam
1893 728 2214 803 malitiam
2247 730 2582 828 appellare
2613 762 2760 813 eam
2783 790 2810 829 ‚
2845 770 3055 843 quam
3110 753 3312 832 Grae„

662 819 729 904 ci
784 824 999 893 κακίαν
1064 823 1424 919 appellant.
1495 847 1653 898 nam
1719 828 1969 897 malitia
2030 826 2196 901 certi
2254 827 2609 928 cujusdam·
2665 837 2811 909 vitii
2869 868 3121 921 nomen
3165 855 3262 929 est
3285 838 3320 948 ῥ’

657 919 1007 1010 vitiqfitas‚
1050 919 1405 1010 omnium,
1447 942 1520 1017 4.
1562 919 1743 1013 Tusc.
1779 942 1893 1031 34.
1937 920 2098 997 cum
2135 926 2357 998 omnis
2386 925 2598 1038 virtus
2637 927 2714 1003 fit
2773 932 2804 1017 (
2823 956 2900 1009 ut
2935 944 3151 1019 vestra
3185 975 3305 1026 ve-

646 1031 771 1086 tus
806 1014 1171 1088 Academia
1208 1015 1431 1104 dixit)
1482 1015 1948 1111 mediocritaS,
1993 1021 2069 1090 de
2095 1023 2195 1093 Cl.
2238 1045 2398 1119 ¹49·
2445 1044 2522 1097 ut
2551 1052 2624 1102 1n
2658 1030 2980 1108 omnibus
3012 1036 3156 1113 fere
3204 1058 3311 1121 re<

655 1107 785 1182 bus
818 1110 1342 1183 mediocritatem
1365 1108 1494 1182 effe
1513 1137 1555 1183 o
1607 1110 1842 1186 timam
1861 1115 2279 1207 existiment,
2309 1140 2380 1209 4.
2399 1122 2473 1189 T
2463 1118 2585 1218 usc.
2599 1147 2720 1223 45.
2766 1129 3045 1209 virtutes
3066 1163 3303 1225 omnes

652 1206 1105 1281 mediocritate
1140 1205 1432 1304 quadarn
1466 1231 1505 1280 e
1561 1233 1598 1279 e
1624 1209 2037 1305 moderatam,
2065 1234 2185 1306 pro
2224 1214 2415 1287 Mur.
2456 1221 2570 1316 63.
3291 1234 3309 1243 ‘

640 1362 661 1379 ,κ
744 1302 880 1376 Sed
916 1328 1162 1391 omne,
1203 1303 1394 1399 quod
1426 1303 1786 1379 honestum
1816 1309 1914 1381 est
1946 1367 1970 1400 ,
2020 1310 2094 1383 id
2132 1333 2430 1410 quatuor
2471 1318 2765 1413 partium
2805 1323 3024 1402 oritur
3061 1322 3308 1415 ex‘alis

648 1398 809 1495 qua.
836 1417 956 1469 aut
991 1397 1173 1469 enim
1211 1397 1284 1470 in
1324 1399 1786 1495 perspicientia
1819 1406 1963 1476 veri
2002 1405 2401 1505 solertiaque
2435 1415 2770 1509 versatur,
2811 1444 2928 1498 aut
2964 1427 3037 1498 in
3074 1426 3307 1509 homi-²

646 1515 822 1564 num
861 1491 1163 1564 societate
1193 1492 1451 1564 tuenda
1472 1494 1967 1595 tribuendoque
2008 1500 2206 1575 suum
2240 1506 2489 1603 cuique
2535 1510 2609 1583 δε
2649 1540 2874 1591 rerum
2922 1530 3306 1607 contracta.

524 1589 529 1592 ’
644 1584 1027 1677 rumfide3
1072 1605 1189 1660 aut
1215 1584 1287 1658 in
1318 1585 1525 1659 animi
1555 1591 1794 1663 excelli
1829 1614 2031 1692 atque
2061 1598 2303 1673 invicti
2358 1607 2822 1705 magnitudine
2875 1644 2954 1693 ac
3004 1624 3250 1703 robore
3271 1657 3296 1704 ε

646 1702 764 1755 aut
790 1678 874 1753 -in
913 1682 1268 1773 omnium,
1313 1708 1469 1781 quae
1503 1682 1683 1759 fiunt
1715 1744 1738 1779 ,
1782 1706 2075 1786 quaeque
2113 1693 2439 1771 dicuntur
2471 1757 2494 1792 ,
2541 1705 2777 1781 ordine
2819 1711 2893 1784 δε
2943 1721 3176 1793 modo.
3219 1726 3294 1800 in
3343 1725 3348 1729 ’

642 1799 785 1871 quo
818 1778 988 1849 inest
1031 1777 1356 1850 modestia
1398 1781 1473 1852 δε
1512 1785 1968 1880 temperantia.
2011 1812 2167 1886 quae
2199 1813 2492 1888 quatuor
2553 1824 2963 1899 quamquam
3014 1813 3187 1887 inter
3224 1820 3294 1892 se

638 1871 952 1972 colligata
1012 1893 1214 1971 atque
1279 1874 1607 1971 implicita
1673 1877 1828 1952 sunt
1859 1938 1882 1977 ‚
1954 1904 2178 1957 tamen
2263 1913 2350 1961 ex
2421 1888 2708 1992 fingulis
2779 1921 2958 1975 certa
3031 1909 3293 1987 officio-

639 1990 794 2040 rum
888 1993 1086 2042 enera
1125 1968 1490 2045 nascuntur
1530 1997 1547 2040 ε
1618 1974 1815 2047 velut
1865 2000 1951 2048 ex
1991 1978 2069 2049 ca
2103 2035 2125 2069 ,
2194 2006 2351 2076 quae
2388 1987 2614 2081 primo
2675 1991 2996 2092 descripta
3030 2004 3168 2097 est,
3212 2010 3285 2083 in

637 2064 775 2161 qua
906 2065 1223 2163 pientiam
1297 2065 1372 2138 &
1446 2067 1877 2163 prudentiam
1938 2072 2255 2167 ponimus
2320 2134 2342 2166 ,
2422 2081 2591 2152 inest
2675 2084 3021 2188 indagatio
3086 2120 3153 2172 at
3201 2130 3289 2179 ue

639 2162 941 2235 inventio
976 2162 1161 2236 veri:
1210 2160 1484 2261 ejusque
1534 2164 1800 2238 virtutis
1845 2165 1976 2240 hoc
2017 2191 2271 2244 munus
2321 2173 2417 2246 est
2475 2199 2600 2271 pro
2653 2181 2828 2253 rium
2853 2242 2876 2276 ,
2933 2211 2994 2261 1.
3021 2191 3095 2261 de
3136 2126 3282 2289 gffi

644 2265 751 2330 16.
802 2258 1017 2355 qualis
1067 2257 1403 2358 estigitur
1438 2260 1657 2342 omnis
1695 2262 1843 2336 haee
1870 2310 1896 2353 ,
1990 2289 2147 2338 uam
2184 2266 2382 2361 dico}
2424 2294 2556 2344 con
2588 2275 2824 2369 piratio
2897 2289 3282 2368 consensus:

689 2380 771 2427 ue
804 2355 1175 2447 virtutum,
1216 2356 1345 2428 tale
1381 2357 1478 2429 est
1514 2357 1684 2429 illud
1715 2359 1936 2457 ipsum
2023 2365 2336 2453 onestum
2384 2424 2404 2455 ,
2470 2373 3023 2473 quandoquidem
3070 2386 3278 2463 hone-

632 2380 814 2523 ilum
848 2472 967 2524 aut
998 2451 1135 2548 ipsa
1175 2450 1387 2524 virtus
1424 2452 1564 2543 est,
1608 2474 1724 2527 aut
1751 2481 1853 2528 res
1889 2458 2070 2557 gesta
2107 2461 2354 2534 virtute
2391 2464 2530 2539 &c.
2571 2488 2638 2540 at
2689 2497 2771 2545 ue
2803 2476 2950 2551 haec
2992 2485 3278 2583 conjun-

627 2545 768 2623 ἃίο
803 2546 1247 2644 confusioque
1275 2549 1606 2622 virtutum
1632 2606 1655 2641 ‚
1701 2570 1926 2625 tamen
1960 2554 1999 2627 a
2040 2556 2470 2656 Philosophis
2518 2565 2770 2640 ratione
2823 2575 3116 2669 quadam
3171 2583 3278 2656 di-

625 2642 1008 2752 stinguitur.
1046 2670 1202 2718 nam
1225 2641 1388 2718 cum
1407 2645 1494 2718 ita
1513 2649 1845 2744 copulatae
1873 2675 2334 2752 connexaeque
2363 2656 2556 2750 sunt,
2594 2681 2672 2734 ut
2704 2690 2938 2742 omnes
2952 2677 3272 2754 omnium

622 2740 975 2837 participes
1006 2738 1168 2831 (int,
1216 2767 1340 2815 nec
1370 2741 1493 2815 alia
1530 2742 1615 2815 ab
1644 2745 1772 2817 alia
1810 2744 2007 2841 poffit
2042 2746 2366 2846 separari,
2414 2772 2640 2828 tamen
2673 2766 3026 2871 proprium
3067 2774 3273 2851 suum

621 2836 946 2935 cujusque
978 2861 1228 2910 munus
1259 2838 1356 2911 est
1397 2840 1531 2911 &c.
1577 2863 1646 2933 5.
1678 2840 1752 2921 de
1791 2846 1921 2914 Fin.
1950 2846 2077 2927 66.
2113 2844 2210 2917 cst
2257 2848 2439 2955 enirn
2487 2853 2893 2934 admi-rabilis
2947 2871 3264 2963 quaedam

617 2933 1033 3017 continuatio
1077 2932 1396 3031 seriesque
1450 2960 1717 3027 rerum,
1761 2957 1840 3010 ut
1890 2939 2014 3014 alia
2073 2964 2160 3014 ex
2206 2943 2332 3016 aha
2373 2970 2545 3020 nexa
2598 2950 2670 3021 &
2700 2979 2935 3032 omnes
2979 2964 3154 3040 inter
3198 2966 3268 3044 se

619 3050 791 3125 aptae
819 3030 1286 3127 colligataeque
1325 3030 1717 3119 videantur,
1776 3059 1830 3104 1.
1872 3035 1946 3102 de
1980 3040 2148 3104 Nat.
2192 3064 2261 3130 9.
2307 3040 2422 3109 etfi
2467 3044 2600 3113 hoc
2686 3050 2912 3124 uidem
2949 3073 3270 3137 commu-‘

619 3148 707 3197 ne
727 3126 823 3196 est
840 3125 1198 3198 virtutum.
1214 3149 1449 3199 omnes
1465 3128 1642 3198 enim
1661 3127 1834 3201 inter
1846 3129 1908 3201 se
1927 3154 2118 3203 nexae
2137 3132 2212 3203 &
2226 3136 2605 3302 conjugatae
2658 3163 2781 3214 unt
2796 3200 2817 3233 ‚
2848 3166 2877 3241 3
2897 3203 2908 3214 .
2933 3153 3119 3243 Tuft.
3145 3179 3169 3226 1
3184 3181 3259 3254 7,

617 3217 716 3292 est
752 3220 963 3318 igitur
1003 3219 1106 3294 vis
1158 3222 1423 3301 virtutis
1477 3222 1752 3320 duplex.
1805 3246 1922 3298 aut
1964 3228 2146 3299 enim
2199 3227 2422 3302 scienti
2510 3236 2808 3311 cernitur
2842 3241 3098 3338 virtuS‚
3141 3256 3260 3327 au't

612 3313 899 3390 actione.
943 3342 1100 3394 nam
1140 3343 1298 3415 quae
1324 3318 1717 3414 prudentia,
1762 3344 1917 3417 quae
1955 3322 2309 3415 calliditas,
2360 3353 2653 3428 quaeque
2696 3337 3080 3433 graviffimo
3130 3372 3258 3422 no-

612 3412 799 3486 mine
830 3412 1140 3510 sapientia
1173 3416 1541 3513 appellatur
1561 3473 1583 3505 ,
1636 3416 1783 3489 haec
1813 3414 2072 3492 scientia
2100 3421 2311 3517 pollet
2346 3447 2501 3497 una.
2540 3452 2694 3522 quae
2719 3430 2878 3505 vero
2900 3441 3254 3518 moderan-

612 3509 716 3582 dis
763 3509 1245 3606 cupiditatibus
1307 3511 1743 3610 regendisque
1782 3513 1990 3589 animi
2028 3515 2326 3590 motibus
2390 3523 2745 3619 laudatur,
2789 3533 2930 3604 e‘us
2971 3536 3067 3608 est
3097 3551 3253 3617 mu.

611 3631 741 3679 nus
804 3605 872 3678 in
939 3608 1203 3706 agendo
1257 3633 1273 3679 ε
1364 3607 1475 3680 cui
1540 3614 1994 3708 temperantia:
2044 3637 2296 3686 nomen
2350 3618 2468 3690 est.
2528 3635 2729 3719 atque
2793 3557 2906 3701 iila
2953 3636 3252 3728 pruden-

607 3703 697 3774 tia
740 3700 988 3774 insuis
1037 3702 1234 3777 rebus
1285 3703 1690 3796 domestica,
1734 3708 1804 3780 in
1867 3708 2154 3809 publicis
2186 3711 2402 3785 civilis
2452 3721 2773 3815 appellari
2837 3722 3020 3801 solet.
3081 3750 3252 3809 tem-

606 3798 900 3889 perantia
927 3819 1151 3872 autem
1199 3801 1272 3885 in
1305 3800 1447 3876 suas
1481 3801 1711 3876 itidem
1750 3830 1852 3878 res
1883 3809 1957 3880 &
1997 3810 2071 3881 in·
2105 3833 2504 3886 communes
2532 3813 2881 3908 distributa
2901 3824 3039 3917 est,
3075 3829 3250 3906 duo-

598 3890 865 3990 busque
902 3896 1122 3968 modis
1166 3897 1233 3970 in
1281 3899 1481 3973 rebus
1541 3901 1921 3976 commodis
1971 3905 2366 4005 discernitur
2396 3943 2443 3997 ‚·
2492 3910 2566 3984 &
2617 3938 2695 3988 ea
2750 3942 2904 4014 quae
2958 3922 3242 4019 absunt,

608 4010 747 4058 non
782 3993 1193 4085 expetend0‚
1240 3995 1314 4068 δε
1357 3995 1443 4068 ab
1478 3995 1593 4089 iis,
1642 4023 1797 4107 quae
1834 4001 1903 4073 in
1941 4002 2260 4099 potestate
2298 4002 2451 4078 sunt
2489 4063 2513 4094 ‚
2573 4007 2986 4090 abstinendo.
3020 4020 3091 4093 in
3140 4049 3239 4096 re-

593 4079 729 4155 >bus
757 4106 975 4157 autem
1009 4090 1461 4166 incommodis
1494 4096 1588 4166 est
1622 4095 1854 4168 itidem
1895 4097 2169 4197 duplex.
2206 4124 2362 4172 nam
2407 4127 2563 4198 quae
2593 4110 3019 4187 venientibus
3049 4121 3240 4198 malis

583 4179 814 4260 t,o'bstat
841 4180 1166 4268 fortitudo
1171 4236 1214 4277 2
1260 4211 1416 4293 quae
1443 4193 1629 4287 quod
1659 4193 1798 4291 jam
1828 4191 2046 4289 adest,
2073 4195 2309 4368 {olent
2341 4199 2414 4274 &
2454 4203 2742 4298 perfert,
2775 4211 3085 4310 patientia
3116 4237 3238 4323 ης».

692 4321 695 4322 ⁷
3107 4333 3236 4389 ml,
