4585 5992
1358 671 1522 780 ἔφ’

1778 674 2253 759 LssmcoN
2304 627 3189 752 PHILosoi’fflCUM.
3277 665 3428 743 PE.

1373 799 1781 885 §Peccatum
1797 801 2197 894 fragifitatis,
2220 795 2325 879 fia
2364 796 2674 880 infirmita·
2731 786 2978 861 Pecc0,
3020 807 3155 853 are.·
3214 785 3351 864 (V.
3387 783 3580 870 App.)
3624 801 3810 871 atque
3838 788 4049 862 etiam

1461 901 1562 949 trs.
1616 906 1940 969 peccatum
1975 877 2548 946 imbecillitatis&
2584 876 2677 940 in-

1461 968 1812 1034 constantiae
1835 1017 1855 1046 ,
1899 988 1956 1032 2.
1992 970 2054 1029 de
2086 969 2209 1030 Fin.

1369 1054 1427 1136 ἓξ
1448 1053 1784 1120 Peccatum
1816 1056 2140 1137 ignorantia
2158 1078 2176 1111 .·
2225 1069 2333 1132 per
2362 1068 2633 1112 errorem
2656 1090 2677 1120 ,

1457 1156 1718 1222 propter
1769 1156 2040 1200 errorem
2091 1153 2273 1217 atque
2328 1131 2677 1202 inscitiam,

1454 1240 1571 1305 per
1604 1220 2020 1307 ignorantiam
2042 1265 2061 1293 ,
2143 1237 2353 1312 ropter
2388 1217 2675 1308 ignoran-

1455 1305 1661 1380 tiam,
1706 1327 1815 1389 per
1870 1305 2075 1388 impru
2117 1320 2391 1371 entiam,
2438 1318 2673 1379 impru-

1454 1386 1729 1468 denter,
1774 1388 2166 1452 inscienter...
2214 1383 2415 1464 lapsus
2447 1380 2526 1444 est
2564 1401 2675 1462 per

1452 1485 1802 1539 errorem...
1848 1470 2047 1535 nescio
2083 1469 2185 1560 qui
2216 1487 2325 1527 nos
2359 1484 2559 1527 teneat
2577 1486 2671 1527 er-

1451 1576 1601 1633 ror,
1645 1578 1750 1622 aut
1799 1551 2162 1617 miserabilis
2207 1547 2520 1633 ignoratio
2570 1570 2673 1611 ve-

1449 1639 1582 1708 ri...
1629 1637 1792 1724 quod
1845 1637 2004 1722 saepe
2049 1657 2156 1719 per
2194 1630 2673 1715 imprudentiam

1454 1721 1550 1783 fit.
1576 1768 1593 1784 .
1615 1767 1631 1782 .

1359 1801 1778 1872 *Peccatum
1830 1802 2240 1888 commffonis:
2285 1796 2670 1864 commissum

1448 1885 1729 1965 facinus,
1772 1886 2097 1955 admissum
2132 1905 2500 1970 peccatum,
2544 1882 2673 1946 cul-

1453 1990 1538 2053 pa
1573 1970 1925 2038 commissa.

1357 2054 1409 2139 ἔ·
1430 2053 1767 2121 Peccatum
1784 2054 2067 2141 omffonis
2084 2082 2103 2116 .·
2124 2050 2403 2116 officium
2422 2065 2673 2131 praeter-

1448 2139 1735 2216 missum,
1781 2139 1965 2223 culpa
2014 2134 2469 2219 negligentiae...
2527 2131 2669 2194 offi-

1450 2223 1618 2287 cium
1639 2219 2106 2307 praetermiss‘um
2123 2214 2551 2300 imprudentiae
2572 2216 2669 2277 vel

1442 2307 1831 2393 negligentia:
1867 2301 2250 2370 excusatione
2285 2297 2628 2363 defenditur
2648 2345 2670 2373 ‚

1581 2396 1655 2457 A.
1698 2393 1894 2454 (iabin.

1362 2475 1415 2526 ³*
1494 2492 1778 2537 eccatum
1809 2473 2156 2557 *exvtgfahilee
2199 2466 2524 2532 tolerabile
2560 2465 2666 2528 de-

1441 2550 1682 2620 licstum.
1723 2601 1740 2619 .
1783 2602 1798 2618 .
1847 2575 2175 2638 peccatum
2217 2548 2670 2613 imbecillitatis

1443 2641 1519 2699 ὃ(
1573 2637 2018 2700 inconstantiae.
2058 2683 2074 2698 .
2117 2682 2133 2697 .
2196 2652 2468 2697 erratum
2507 2632 2670 2715 quod

1441 2716 1873 2812 irnprudentiae
1930 2718 2026 2782 vel
2069 2716 2229 2801 negli
2274 2716 2450 2779 entiae
2489 2737 2668 2779 excu-

1438 2803 1676 2866 satlone
1708 2801 2078 2869 defenditur.
2097 2849 2113 2864 .
2139 2846 2170 2866 ..
2209 2807 2227 2876 (
2309 2797 2444 2876 ide,
2465 2802 2669 2863 Pecca-

1438 2901 1566 2948 tum
1601 2891 1877 2963 veniale.)

1350 2967 1677 3049 §Peccati
1731 2974 1870 3034 remi
1929 2979 1959 3034 ο
1997 2999 2019 3035 .·
2082 2964 2374 3033 liberatio
2424 2965 2665 3111 culpae,

1433 3054 1627 3119 errati
1664 3054 1913 3119 venia...
1961 3052 2107 3119 cum
2149 3054 2182 3116 a
2219 3072 2278 3115 te
2315 3070 2434 3112 non
2457 3052 2521 3111 so
2544 3049 2660 3112 ¹um

1432 3136 1869 3203 liberationem
1912 3138 2008 3202 cul
2061 3161 2104 3201 ae
2128 3182 2148 3211 ,
2191 3133 2292 3198 sed
2328 3132 2517 3196 errati
2556 3155 2660 3197 ve-

1431 3220 1606 3285 niam
1636 3214 1968 3305 impetravi
2016 3241 2156 3293 ent,
2189 3236 2296 3301 pro
2313 3218 2513 3301 Ligur.
2557 3238 2678 3281 ea·-

1436 3323 1553 3386 que
1602 3325 1806 3368 errata
1864 3304 2186 3386 expiantur
2221 3347 2242 3375 ,
2298 3301 2363 3360 de
2411 3302 2513 3367 Ar.
2557 3319 2654 3381 23.

1359 3410 1362 3413 ·
1428 3384 1699 3450 eximere
1735 3385 2330 3470 aliquemaculpa...
2375 3403 2505 3464 quae
2526 3383 2662 3446 vio-

1431 3467 1566 3533 lata
1639 3471 1773 3533 sunt
1840 3469 2076 3563 expiari
2135 3514 2164 3542 „
2231 3465 2657 3559 expiabuntur.

2818 871 3004 934 Xeno
3051 872 3174 935 hon
3241 867 3630 954 paucioribus
3681 873 3882 940 verbis
3928 901 4037 946 ea-

2820 952 2959 1018 dem
3021 955 3123 1019 ere
3197 975 3414 1027 eccat,
3438 972 3495 1022 1.
3528 955 3594 1015 de
3611 957 3758 1026 Nat,
3799 960 4033 1045 Empe-

2819 1037 3026 1103 docles
3045 1062 3108 1102 m
3176 1061 3240 1104 ta
3255 1037 3381 1103 alia
3402 1058 3691 1122 peccat...
3736 1062 3858 1104 non
3876 1048 4034 1114 mul-

2820 1140 2887 1185 ta
2922 1143 3182 1205 peccas,
3225 1122 3421 1207 inquit
3456 1121 3582 1185 ille.
3627 1171 3639 1186 .
3678 1172 3691 1188 .
3742 1127 4046 1214 quicquid·

2817 1227 3107 1288 peccatur
3144 1253 3165 1283 ,
3226 1206 3683 1289 perturbatione
3736 1230 4031 1291 peccatur

2814 1289 3075 1353 rationis
3106 1311 3287 1375 atque
3319 1289 3593 1367 ordinis,
3636 1297 3842 1357 parad.
3887 1317 3940 1381 3,

2736 1370 3002 1437 Pecunia
3025 1419 3046 1448 ,
3092 1396 3175 1438 ae:
3219 1379 3465 1450 nummi,
3509 1397 3574 1438 aes
3593 1421 3611 1450 ,
3626 1376 3873 1458 fortuna
3892 1400 4047 1465 ,pa--

2816 1462 3139 1518 trimonium
3158 1502 3178 1533 ,
3195 1460 3427 1521 denarii.
3481 1460 3739 1540 pecunia
3756 1464 4045 1530 omnium·

2815 1538 3186 1625 dignitatem
3218 1560 3534 1627 exaequat‚
3578 1546 3711 1608 Art.
3746 1547 3790 1610 Ι.
3833 1567 3887 1621 9.
3940 1568 4026 1635 ep,

2820 1642 2915 1698 14-

2734 1705 2980 1772 Pendeo
3019 1755 3040 1784 ,
3099 1732 3194 1774 ere
3230 1733 3247 1773 ε
3290 1710 3589 1796 fitspenfies
3615 1712 3755 1794 fiam
3771 1759 3792 1790 ,
3838 1720 3991 1783 orion
4003 1763 4047 1797 ,..

2802 1795 3157 1878 proficiscor,
3201 1795 3386 1857 haerco.
3456 1796 3571 1864 (V.
3597 1798 3770 1880 App.)

2737 1874 2987 1952 PensiO,
3030 1877 3201 1940 onis:
3244 1900 3483 1953 merces,
3528 1884 3807 1963 2202&th

2734 1963 2774 2006 '⁴¹
2797 1961 3216 2041 Penstonarius,
3257 1967 3335 2024 ii.-
3380 1961 3735 2045 vectigalis,
3777 1986 3881 2031 aut
3923 1970 4039 2033 cui-

2815 2044 3017 2125 pensio
3048 2044 3334 2108 solvenda
3362 2045 3443 2107 est
3465 2091 3484 2120 ,
3522 2049 3616 2108 seu
3634 2046 3730 2130 qui
3749 2049 4038 2135 aliquam.

2813 2128 3155 2207 pensionem
3187 2128 3466 2212 exigendi
3499 2130 3589 2212 jus
3625 2128 3879 2197 habet...

2732 2207 2990 2274 Pensum
3010 2257 3031 2286 ,
3077 2211 3137 2275 i:
3178 2214 3330 2293 quod
3342 2217 3507 2295 pendi
3538 2214 3722 2287 debet,
3766 2240 3983 2284 munus.

2728 2297 2767 2338 *
2790 2299 3172 2387 Penultimus,
3215 2320 3294 2369 a,
3337 2319 3432 2359 mn
3454 2328 3475 2360 .·
3520 2297 3835 2381 superior,
3877 2322 4044 2386 pro--

2812 2397 3010 2444 ximus
3044 2400 3185 2443 ante
3215 2399 3577 2446 extremum.

2730 2458 2872 2524 Per.
2914 2466 2936 2544 (
2965 2464 3052 2530 V.
3075 2467 3216 2546 App.
3249 2474 3269 2541 )

2730 2546 2903 2647 *Per
2933 2549 3222 2610 accidens.-
3263 2547 3494 2611 temer?
3515 2591 3536 2620 ,
3579 2550 3762 2626 casu,
3805 2552 4034 2619 fortui4-

2811 2646 2919 2690 to..

2733 2708 2850 2772 Per
2887 2715 2980 2778 se:
3025 2712 3134 2777 suii-
3160 2710 3263 2786 vi,
3304 2712 3404 2776 fuz‘l
3441 2713 3656 2778 natura
3679 2761 3699 2791 ,
3723 2717 3822 2782 sua
3841 2719 4024 2804 spon-

2813 2812 2873 2857 te
2906 2843 2943 2871 ,.
2987 2797 3195 2878 suapte
3234 2795 3340 2869 vi,
3385 2796 3593 2878 sufipte
3629 2805 3886 2877 natura,
3930 2804 4025 2867 in·

2811 2876 2920 2943 fita
2975 2879 3074 2945 vi:
3116 2901 3250 2942 tum
3300 2880 3432 2961 ipsa
3483 2900 3744 2963 propter
3795 2887 4031 2952 sesenc

2810 2959 2944 3047 ipsa
2990 2986 3102 3050 per
3154 2965 3374 3028 sese...
3418 2982 3531 3048 per
3579 2966 3637 3029 se
3689 2967 3853 3052 ipse,
3899 2969 4043 3055 ipse

2810 3065 2920 3129 per
2958 3051 3147 3114 sese...

2727 3127 3096 3215 Perceptio,
3140 3129 3311 3193 onis:
3357 3129 3685 3207 collec‘tio,
3739 3156 4025 3219 compre·

2808 3216 3007 3280 henfio
3069 3224 3262 3297 (quam
3318 3216 3787 3299 apprehenfionem
3823 3227 4052 3283 mentis·

2803 3301 3115 3383 Scholastici
3146 3306 3398 3377 vocant.)
3437 3298 3756 3380 perceptio
3776 3345 3795 3374 ,
3833 3316 4023 3386 quam

2804 3384 3103 3461 uvaia-qm
3154 3380 3359 3445 Graeci
3411 3401 3692 3458 vocant,
3723 3403 3785 3459 4.
3839 3390 4025 3452 Arndt

2807 3479 2899 3536 17.

1473 3551 1677 3631 Vide,
1700 3557 1950 3636 Bastar,
1972 3575 2032 3615 tn
2053 3557 2222 3635 App.)
2268 3549 2661 3615 ammadver-
2723 3543 3053 3628 Percipi0,
3089 3568 3226 3612 ere:
3262 3549 3490 3633 capio,
3533 3549 3804 3632 colligo,
3835 3552 4017 3617 intel-

1425 3555 1653 3700 gonem
1692 3641 1759 3702 ἃς
1796 3636 2171 3721 supplicium
2230 3633 2541 3700 remittere
2587 3638 2654 3699 δι

1429 3718 1803 3786 condonare.
1826 3767 1841 3783 .
1873 3768 1906 3785 .,

1341 3800 1394 3882 Ξ*
1413 3803 1747 3867 Peccatum
1784 3801 2157 3886 irremg'fflbile.
2198 3800 2505 3865 cuierrato
2524 3800 2654 3864 nul-

2803 3628 2932 3722 ligo
2952 3675 2994 3704 ‚.
3010 3627 3377 3724 ειίΐεριιιοικ,μ
3400 3635 3764 3726 cognoscere
3788 3638 3853 3699 &
3877 3657 4031 3718 per-

2801 3733 3009 3807 cipere
3045 3713 3301 3798 aliquid.
3330 3763 3345 3779 .
3371 3763 3386 3779 .
3431 3713 3668 3800 aliquid
3707 3719 4023 3805 percipere

2799 3817 3009 3859 animo
3045 3804 3111 3863 &
3147 3799 3445 3864 memoria
3482 3797 3851 3866 custodire...

1426 3885 1493 3950 la
1528 3884 1746 3958 venia,
1793 3905 1849 3950 2.
1895 3904 2046 3948 cont.
2096 3889 2252 3949 Rull.
2296 3905 2349 3961 5.
2417 3887 2654 3949 sacrum
2715 3879 3138 4026 *Perctmfi'ura,
3181 3905 3259 3948 ae:
3303 3886 3617 3966 percuffm.

1425 3969 1856 4044 commissum,
1902 3966 2065 4051 quod
2101 3968 2340 4051 expiari
2376 3974 2497 4030 hon
2537 3988 2655 4051 po·
2720 3961 2950 4030 Perdue

1424 4054 1575 4119 terit
1594 4100 1613 4129 ,
1650 4053 1848 4136 impie
1883 4050 2269 4114 commissum
2290 4050 2449 4115 esto:
2488 4051 2652 4136 quod

2916 4044 2925 4049 μ
3003 3964 3064 4026 io
3081 4010 3102 4041 ,
3146 3967 3311 4031 onis:
3358 3970 3563 4030 crimen
3576 3970 4035 4034 imminutaema«

2779 4048 3024 4133 jestatis.
3084 4049 3207 4125 (V,
3248 4053 3428 4134 App.)

1423 4137 1680 4232 expiari·
1710 4135 1985 4220 poterit,
2031 4135 2258 4218 publici
2304 4134 2651 4201 sacerdotes
2716 4135 3187 4215 *peremptorius
3245 4135 3355 4196 dies
3389 4162 3434 4198 .··
3474 4132 3511 4197 a
3561 4133 3837 4201 Psaetore
3888 4135 4047 4204 dies.

1423 4238 1760 4302 expianto‘,
1808 4240 1863 4297 2.
1901 4222 2136 4310 deffleg.
2163 4239 2256 4291 12.
2303 4218 2650 4307 inexpiabi-

1423 4304 1743 4391 lesccluQ.
1855 4309 1865 4316 '

2796 4214 3011 4279 dictus.

2713 4303 3209 4387 ’f-Peremptorium
3261 4317 3651 4389 argumentum
3688 4331 3710 4368 .·
3752 4302 4045 4369 firmini-‘-

3906 4405 4042 4454 mal.
