4585 5992
1094 640 2226 722 PHILosoPmcuM.
2324 642 2564 716 cn.
2633 643 2837 716 ΧΠ.
3127 658 3292 747 ηςῑ,

612 759 1087 857 quod.numen
1132 762 1681 859 praestantiflimae
1718 764 1997 854 mentiS,
2041 787 2185 861 quo
2226 760 2375 833 baec
2412 759 2780 855 regantur?
2830 760 3018 853 quod
3061 764 3132 836 ni
3173 768 3263 841 ita

610 857 810 950 effet,
856 863 980 958 qui
1003 859 1312 960 potuisset
1329 859 1582 935 ass'ensu
1625 863 1938 937 omnium
1970 859 2193 933 dicere
2231 856 2500 930 Ennius
2521 906 2545 943 ‚
2590 855 2828 949 adspice
2865 856 2975 925 hoc
2993 855 3294 948 fieblime·

610 955 873 1048 cadens,
917 980 1094 1052 quem
1128 961 1419 1029 invocant
1453 983 1648 1030 omnes
1682 961 1942 1051 Jovem,
1977 958 2175 1031 illum
2223 953 2391 1029 vero
2441 955 2513 1026 &
2550 952 2792 1045 Jovem
2835 954 2910 1025 &
2953 952 3262 1034 domina..

609 1070 831 1126 torem
880 1077 1104 1128 rerum
1140 1054 1216 1125 &
1253 1054 1482 1129 omnia
1540 1075 1713 1129 nutu
1750 1073 2093 1154 regentem
2112 1108 2131 1138 ,
2177 1053 2252 1125 &
2294 1072 2372 1125 ut
2417 1051 2597 1124 idem
2639 1050 2946 1140 EnniuS‚
2992 1050 3266 1127 Patrem

606 1148 941 1243 divamque
968 1150 1435 1245 hominumque,
1482 1154 1558 1226 &
1591 1151 1981 1251 praefientem
2005 1176 2083 1224 ac
2104 1169 2594 1248 praepotentem
2625 1149 2884 1221 Deum.
2920 1151 3111 1244 quod
3191 1154 3265 1226 ui

476 1256 483 1263 '
604 1244 906 1340 dubitat,
957 1246 1151 1320 haud
1179 1245 1332 1322 {ane
1371 1249 1718 1351 intellige,
1763 1275 1888 1324 cur
1937 1272 2078 1323 non
2128 1247 2343 1337 idem,
2397 1247 2493 1320 sol
2547 1244 2668 1336 fit,
2712 1271 2798 1319 an
2854 1246 3086 1319 nullus
3137 1178 3264 1341 Pit,

599 1342 911 1418 dubitare
937 1341 1156 1439 possit.
1180 1346 1350 1440 quid
1386 1346 1566 1416 enim
1597 1346 1695 1416 est
1733 1348 1865 1418 hoc
1902 1348 2023 1417 illo
2044 1344 2475 1418 evidentius?
2523 1343 2711 1438 quod
2748 1343 2870 1415 nifi
2902 1345 3263 1440 cognitum

602 1438 1172 1536 comprehensum
1223 1465 1309 1513 ue
1333 1439 1572 1514 animis
1605 1438 2001 1516 haberemus
2020 1497 2042 1532 ‚
2086 1466 2226 1512 non
2263 1461 2402 1513 tam
2437 1440 2682 1513 stabilis
2718 1441 2952 1535 opinio
3000 1467 3268 1537 perma-

612 1554 841 1625 neret,
885 1558 1012 1607 ncc
1038 1559 1125 1609 co
1228 1556 1554 1609 rmaretur
1588 1535 2026 1610 diuturnitate
2062 1537 2425 1633 temporis,
2475 1562 2597 1609 nec
2638 1538 2774 1610 unit
2810 1563 2969 1611 cum
3005 1541 3267 1616 saeculis

592 1630 1055 1728 ‚aetatibusque
1111 1631 1473 1705 hominum
1529 1631 1897 1706 inveterare
1946 1632 2277 1730 potuiffet.
2325 1633 2574 1705 etenim
2637 1634 2950 1708 videmus
2997 1660 3269 1714 caeteras

607 1727 962 1823 opiniones
997 1726 1189 1799 fictas
1224 1749 1427 1826 atque
1456 1753 1660 1803 vanas
1690 1728 2128 1803 diuturnitate
2156 1729 2539 1802 extabuisse.
2583 1732 2733 1827 quis
2749 1731 2946 1835 ‚enim
2983 1735 3272 1831 Hippo·.
3381 1782 3386 1785 -

606 1841 1004 1896 centaurum
1053 1821 1252 1896 fuiss‘e
1285 1845 1403 1897 aut
1443 1827 1864 1900 Chimaeram
1901 1827 2143 1923 putat?
2195 1826 2601 1924 opinionum
2657 1849 2836 1896 emm
2878 1851 3270 1907 commenta

609 1918 790 1992 delet
829 1920 996 2009 dies,
1039 1939 1297 1992 naturae
1354 1922 1609 2019 judicia
1670 1922 2032 1995 confirmat
2074 1977 2097 2011 ,
2167 1943 2233 1992 2..
2283 1924 2359 1991 de
2409 1925 2581 1993 Nat.
2618 1942 2687 2011 4.
2730 1944 2796 2016 5.
2861 1924 3047 1996 nulla
3095 1946 3265 2020 gens

604 2014 703 2087 est
738 2035 874 2089 tarn
911 2014 1092 2105 fera,
1138 2040 1296 2113 quae
1326 2041 1467 2090 non
1491 2074 1515 2109 ‚
1558 2015 1810 2091 etiamfi
1841 2019 2109 2114 ignoret
2139 2020 2411 2113 qualem
2467 2019 2675 2088 deum
2716 2017 2958 2088 habere
2996 2020 3270 2118 deceat,

606 2133 835 2185 tamen
877 2112 1270 2188 habendum
1310 2110 1508 2205 sciat,
1562 2139 1620 2186 1.
1659 2113 1734 2183 de
1764 2116 1916 2208 Leg.
1937 2136 2056 2210 24.
2084 2114 2400 2186 omnium
2439 2112 2801 2184 hominum
2851 2135 3107 2188 mentes
3136 2119 3265 2194 im-

608 2206 759 2283 buit
797 2210 1081 2283 deorum
1114 2212 1392 2308 opinio,
1452 2235 1478 2282 ι
1497 2267 1513 2283 .
1550 2210 1735 2308 Tust.
1781 2231 1887 2309 30.
1936 2221 2285 2304 (aeternum
2317 2208 2638 2303 quemdam
2675 2208 2758 2287 &²
2789 2211 3165 2282 excellentem
3185 2241 3267 2287 a·

610 2311 847 2377 nimum
884 2308 1039 2400 effla,
1080 2307 1247 2400 quod
1282 2311 1657 2401 principium
1692 2312 1788 2401 fit
1845 2307 2045 2378 mattis
2094 2307 2177 2387 &⁷
2221 2331 2428 2381 rerum
2477 2309 2746 2377 omnium
2773 2310 2985 2395 prima
3028 2309 3214 2393 caus&
3232 2369 3262 2404 ,

518 2440 525 2445 „
608 2401 730 2475 hac
758 2408 999 2475 ratione
1029 2406 1227 2475 Plato
1261 2405 1581 2498 corfirmat
1612 2427 1748 2499 quae
1784 2406 1828 2474 ὰ
1872 2405 2125 2476 Socrate
2163 2403 2344 2498 estin
2379 2403 2656 2473 Phaedro
2696 2400 3002 2493 explicata
3036 2461 3061 2494 ‚
3107 2407 3190 2485 ἐξ
3212 2412 3263 2478 ὰ

610 2502 893 2571 Cicerone
914 2506 1114 2595 pofita
1148 2501 1232 2596 est
1265 2517 1400 2572 tum
1430 2502 1500 2575 6.
1537 2503 1649 2573 lib.
1698 2501 1773 2571 de
1840 2503 2001 2593 Rep.
2059 2518 2193 2572 tum
2248 2525 2310 2572 1.
2345 2505 2394 2574 l.
2427 2497 2612 2595 Tusc.
2655 2506 2822 2595 53.)
2878 2501 3067 2597 quod
3093 2501 3262 2580 sem-

607 2621 728 2694 per
757 2619 1076 2672 movetur
1100 2599 1172 2672 id
1204 2619 1536 2672 aeternum
1565 2598 1660 2673 est
1695 2599 1833 2673 δίε.
1884 2601 2097 2690 (retrb
2150 2599 2255 2669 hic
2283 2601 2444 2669 Iocus
2476 2596 2817 2691 referturL)

695 2693 1058 2768 Cleanthes
1093 2694 1373 2793 quidem
1401 2716 1694 2794 quatuor
1728 2696 1813 2769 de
1841 2694 2051 2768 caufis
2082 2694 2254 2768 dixit
2286 2696 2360 2767 in
2392 2694 2630 2768 animis
2663 2694 3026 2769 hominum
3049 2697 3264 2774 infor-5

606 2810 813 2865 matas
852 2792 1169 2867 Deorum
1207 2794 1338 2866 esse
1373 2794 1704 2866 notiones.
1744 2791 2044 2888 primum
2138 2792 2313 2865 osuit
2344 2817 2490 2864 eam
2512 2849 2534 2884 ‚
2584 2794 2672 2865 de
2701 2795 2839 2889 qua
2867 2794 3076 2869 modo
3093 2797 3263 2889 dixi,

606 2911 765 2985 quae
801 2908 948 2964 orta
988 2889 1151 2963 efl'et
1186 2915 1274 2963 cx
1320 2886 1762 2989 praesensione
1799 2913 2022 2962 rerum
2062 2818 2494 2962 fiiturarum:
2549 2890 2827 2961 alteram
2849 2946 2871 2979 ‚
2920 2915 3263 2989 quam-ce-

601 2984 896 3083 perimus
926 3012 1014 3062 ex
1042 2987 1511 3086 magnitudine
1538 2988 2069 3060 commodorum
2101 3042 2122 3076 ‚
2169 3010 2326 3082 quae
2382 2984 2847 3082 percipiuntur
2887 2989 3049 3061 coeli
3089 3011 3265 3065 tem-

605 3082 983 3177 peratione,
1026 3082 1469 3156 foecunditate
1509 3103 1833 3155 terrarum
1871 3084 2294 3177 aliarumque
2337 3082 2903 3153 commoditatum
2946 3090 3263 3175 complu-

604 3176 782 3252 rium
814 3180 1051 3276 copia:
1102 3180 1362 3252 tertiam
1382 3228 1406 3268 ‚
1453 3204 1610 3277 quae
1644 3198 1913 3253 terreret
1941 3179 2203 3252 animos
2238 3176 2646 3252 fulminibus
2671 3233 2693 3267 ‚
2736 3175 3267 3272 tempestatibus}

601 3273 900 3366 nimbiS,
944 3273 1215 3371 nivibus
1246 3333 1269 3367 ,
1313 3274 1754 3385 grandinibus
1781 3332 1804 3366 ‚
1851 3276 2155 3349 vastitate
2183 3335 2204 3368 ,
2246 3274 2618 3373 pestilentia
2644 3330 2668 3364 ‚
2712 3293 2905 3346 terrae
2956 3274 3262 3352 motibus

593 3370 730 3444 &a
766 3371 1015 3469 quibus
1062 3374 1357 3446 exterrin
1392 3373 1718 3458 ,homines
1773 3374 1917 3447 vim
1972 3373 2340 3471 quamdam
2400 3371 2530 3444 esse
2576 3369 2918 3444 coelestem
2974 3371 3045 3443 ὅ(
3083 3373 3260 3448 divi-

597 3489 757 3542 nam
792 3469 1097 3567 suspicati
1138 3474 1329 3543 sunts
1350 3491 1656 3568 quartam
1692 3470 1954 3544 causam
1998 3470 2127 3543 esse
2159 3528 2178 3561 ‚
2227 3494 2515 3568 <nmque
2554 3468 2666 3541 vel
2706 3468 3069 3542 maximam
3096 3527 3119 3558 ‚
3168 3499 3261 3544 ae-

596 3565 1056 3661 quabilitatem
1110 3568 1339 3641 motus
1373 3625 1396 3658 ‚
1451 3568 1959 3642 converfionem
2014 3569 2174 3640 coeli
2214 3627 2236 3657 ‚
2282 3568 2474 3656 soliS‚
2520 3567 2702 3640 lunae
2739 3623 2762 3655 ‚
2806 3564 3262 3666 syderumque

596 3666 904 3738 omniurn
944 3664 1446 3739 distinctionem
1468 3714 1495 3754 ,
1542 3667 1929 3738 varietatem
1953 3714 1979 3754 ‚
2032 3665 2616 3761 pulchritudinem
2641 3720 2664 3752 ,
2689 3661 2998 3738 ordinem
3031 3675 3070 3734 τ’
3094 3689 3259 3761 qua.

594 3783 749 3833 rum
789 3785 1011 3835 rerum
1051 3761 1405 3858 adspestus
1434 3763 1573 3861 ipse
1604 3760 1750 3836 satis
1782 3764 2077 3852 indicat,
2124 3787 2267 3835 non
2286 3764 2414 3836 effe
2452 3760 2744 3834 fortuita.
2785 3780 2862 3832 ut
2903 3760 2950 3832 fi
2990 3763 3141 3856 quis
3185 3766 3258 3838 in

596 3854 886 3932 domum
922 3861 1221 3957 aliquam
1269 3915 1292 3949 ‚
1357 3881 1474 3935 aut
1514 3861 1586 3933 in
1629 3858 2103 3960 gymnafium‚
2146 3880 2262 3932 aut
2314 3860 2386 3932 in
2441 3856 2672 3932 forum
2721 3858 2976 3931 venerit
3015 3915 3036 3946 ,
3089 3858 3257 3937 cum

597 3951 818 4026 videat
851 3960 1164 4030 omnium
1201 3979 1427 4032 rerum
1471 3958 1838 4048 rationem,
1886 3957 2173 4029 modum
2207 4014 2230 4049 ‚
2272 3957 2695 4054 disciplinam
2735 4013 2756 4044 ‚
2799 3979 2915 4026 non
2961 3959 3136 4047 poffis
3183 3987 3261 4034 ea

534 4057 545 4066 “
578 4050 716 4140 stne
745 4053 1094 4144 causdfieri
1110 4054 1401 4148 judicare
1443 4108 1464 4140 ‚
1517 4054 1627 4128 scd
1671 4055 1799 4128 esti:
1853 4054 2148 4151 aliquem
2202 4055 2576 4151 intelligat,
2621 4051 2740 4150 qui
2786 4053 3003 4148 praesit
3033 4057 3109 4128 δί
3144 4060 3258 4134 cui

596 4163 943 4239 pareatur:
992 4152 1180 4221 multh
1208 4158 1400 4246 magis
1438 4153 1504 4224 in
1542 4152 1740 4225 tantis
1771 4153 2073 4225 motibus
2129 4151 2457 4248 tantisque
2509 4146 3071 4224 viciffitudinibus
3116 4173 3259 4229 tam
3331 4201 3336 4206 ·

596 4243 970 4317 multarum
1014 4269 1285 4339 rerum,
1312 4269 1513 4348 atque
1540 4267 1880 4328 tantarum
1921 4248 2313 4339 ordinibus,
2347 4250 2416 4324 in
2454 4249 2703 4342 quibus
2742 4246 2912 4321 nihil
2949 4271 3255 4342 unquam

1320 4385 1329 4391 .
2166 4348 2245 4419 R
3119 4347 3248 4419 lm*
