4585 5992
1072 648 2180 737 PHILOSOPHICUM.
2366 650 2596 730 CAP.
2666 653 2910 731 XVI.
3181 658 3324 755 169⁹

655 770 971 854 &cutum
1008 772 1161 868 ille,
1203 774 1318 848 ain
1349 772 1667 863 tandem,
1711 769 1975 868 inquit,
2019 767 2184 844 cum
2247 790 2383 938 eqo
2434 767 2574 841 δίε.
2614 767 2939 878 putabam
3002 770 3327 868 equidem

628 875 855 966 satis,
904 873 1126 972 inquit
1182 873 1343 945 &c.-
1381 887 1696 943 neutrum
1753 868 1922 940 vero
1944 925 1967 958 ,
2010 866 2230 964 inquit
2286 893 2310 938 ι
2340 867 2404 939 le
2451 864 2590 939 &a
2643 864 2910 965 opnme
2947 921 2971 956 ,
3016 867 3321 966 inquam.

629 1022 635 1027 -
709 973 831 1048 uid
865 970 1049 1045 enim
1088 966 1258 1042 mihi
1292 966 1507 1063 potest
1533 965 1661 1037 ess'e
1692 962 2097 1058 optabilius,
2143 960 2350 1061 quam
2370 963 2507 1035 ὅτε.
2541 986 2666 1036 nos
2702 958 2869 1037 vero
2895 1019 2917 1053 ,
2949 961 3170 1062 inquit
3205 967 3324 1041 ille

736 1095 798 1144 c.
834 1087 984 1141 tum
1022 1064 1179 1143 Piso
1204 1089 1235 1133 τ-
1269 1060 1595 1172 quoniam
1645 1059 1858 1157 igitur
1910 1059 2167 1156 aliquid
2214 1081 2456 1131 omnes
2492 1059 2624 1134 &a
2669 1080 2821 1134 tum
2851 1060 3023 1133 mihi
3053 1119 3077 1153 ,
3124 1062 3330 1153 Piso,

626 1163 826 1265 -quid
855 1187 932 1237 er
981 1158 1070 1253 ὸ,
1112 1159 1208 1239 in,
1234 1176 1377 1247 uit,
1417 1154 1553 1229 ὅτε.
1595 1173 1822 1228 tamen
1856 1154 1896 1227 εἴ
1923 1154 2314 1256 proposito,
2352 1156 2670 1255 inquam,
2705 1155 3159 1233 aberravimus
3177 1161 3318 1234 &a

628 1264 745 1336 ita
773 1286 900 1357 pro
965 1281 1051 1329 us
1088 1256 1194 1330 ex'
1260 1256 1404 1328 imo
1422 1255 1561 1325 δῖε.
1587 1249 1763 1324 bene
1801 1252 2235 1348 reprehendis
2272 1254 2348 1327 &
2381 1255 2449 1328 se
2487 1253 2618 1329 isto
2656 1255 2870 1330 modo
2918 1280 3020 1328 res
3066 1255 3270 1330 habet
3287 1304 3332 1345 ,2

652 1359 799 1432 &c.
841 1352 1124 1442 studeo,
1164 1351 1263 1423 mi
1320 1368 1506 1447 pater
1542 1403 1565 1438 ,
1612 1344 1864 1419 latine
1914 1373 2003 1421 ex
2048 1368 2119 1421 te
2162 1349 2398 1421 audire
2435 1377 2557 1440 ea,
2599 1377 2756 1449 quae
2812 1355 2948 1428 δῖε.
2993 1352 3111 1449 hic
3147 1353 3325 1426 cirm-

622 1470 1078 1557 .uterque.me
1097 1449 1468 1520 intueretur
1483 1500 1505 1533 ,
1539 1442 1806 1541 seseque
1842 1442 1923 1514 ad
1939 1444 2353 1519 audiendum
2375 1444 2827 1549 fignificarent
2840 1471 3146 1549 paratos:
3183 1449 3334 1549 pri-f
3409 1476 3414 1479 ·

656 1544 904 1639 mim,
940 1566 1269 1640 mquam,
1313 1539 1678 1638 deprecor,
1719 1562 1806 1611 ne
1843 1540 1982 1614 δῖε.

1202 1788 1209 1791 ,
1388 1697 1471 1782 C
1600 1722 1650 1779 A
1772 1728 1843 1782 P.
2119 1699 2208 1784 Χ
2267 1700 2353 1785 V
2414 1703 2460 1785 1
2518 1703 2587 1787 Ῑ.

1146 1813 1399 1897 Varia
1433 1808 1843 1906 Exordia‚
1899 1810 2174 1925 quibus
2215 1811 2476 1897 Cicero
2512 1817 2798 1902 utitur.

618 1979 631 1989 ·
835 1968 945 2020 uae
974 1968 1076 2018 res
1111 1944 1182 2018 in
1208 1944 1475 2018 civitate
1511 1941 1667 2015 duae
1705 1940 2080 2038 plurimum
2123 1942 2439 2040 poss‘unt,
2481 1971 2580 2019 ωε
2642 1948 2877 2023 contra
2915 1973 3043 2023 nos
3095 1947 3315 2022 arnbae

878 2041 1133 2118 faciunt
1162 2042 1238 2115 in
1280 2042 1411 2114 hoc
1448 2057 1799 2138 tempore,
1843 2038 2105 2111 summa
2144 2040 2358 2137 gratia
2406 2041 2480 2112 &
2507 2042 2891 2139 eloquentia
2933 2071 2949 2116 ε
3069 2069 3317 2119 uarum

656 2139 931 2212 alteram
962 2196 988 2231 ,
1015 2143 1108 2214 C.
1129 2137 1389 2237 Aquini
1409 2193 1430 2229 ,
1458 2159 1697 2208 vereor
1717 2190 1741 2225 ,
1765 2135 2041 2209 alteram
2063 2153 2299 2208 metuo
2319 2191 2341 2224 ,
2370 2139 2596 2206 Oratio
2629 2160 2687 2209 1.
2717 2161 2830 2234 pro
2867 2146 2946 2210 P.
3067 2143 3314 2227 uinetiq.

659 2233 846 2330 Qae
880 2258 1183 2335 precatus
1234 2236 1381 2308 sum
1422 2233 1462 2308 a
1493 2232 1621 2306 diis
1669 2232 2208 2322 immortalibus,
2251 2230 2522 2325 Judicoe
2566 2290 2589 2322 ,
2637 2258 2830 2308 more
2871 2234 3318 2334 institutoque

659 2332 1008 2430 Majorum
1032 2390 1056 2424 ,
1099 2331 1219 2407 illo
1260 2332 1371 2405 die
1409 2348 1553 2430 quo
1580 2329 1718 2403 δίε.
1756 2347 1834 2402 ut
1860 2354 1934 2403 ea
1966 2353 2066 2402 res
2105 2328 2322 2433 mihi,
2358 2328 2909 2431 magistratuique
2945 2356 3101 2407 meo
3127 2388 3150 2423 ‚
3188 2359 3314 2430 po-

657 2429 827 2527 pulo
905 2430 1039 2503 lebi
1087 2453 1176 2502 ue
1217 2430 1560 2503 Romanae
1601 2422 1775 2498 bene
1814 2445 2019 2538 atque
2067 2424 2355 2499 feliciter
2412 2425 2753 2519 eveniret,
2801 2428 3030 2503 eadem
3073 2428 3315 2528 precor

628 2525 743 2598 -ab
780 2525 830 2597 ii
856 2527 1014 2598 dem
1041 2455 1174 2599 giis
1206 2523 1704 2600 immortalibus
1738 2521 1832 2594 ob
1863 2521 2159 2622 ejusdem
2202 2521 2498 2596 hominis
2531 2523 2958 2599 consulatum
2997 2524 3315 2601 unicum

652 2619 865 2696 salute
902 2621 1391 2715 obtinendum,
1434 2622 1507 2694 ὅ(
1545 2638 1622 2694 ut
1660 2617 1898 2693 vestrae
1931 2639 2189 2694 mentes
2222 2638 2426 2717 atque
2466 2620 2806 2694 sententiae
2858 2646 3023 2695 cum
3059 2623 3315 2720 Populi

654 2720 967 2793 Romani
1003 2722 1352 2794 voluntate
1389 2715 1846 2815 lhffiagiisque
1876 2714 2328 2807 consentiant,
2370 2741 2582 2813 eaque
2620 2742 2722 2790 res
2774 2718 2970 2792 vobis
3006 2720 3316 2816 Populo-

653 2840 790 2984 ἕως
834 2818 1162 2891 Romano
1196 2841 1428 2915 paoem
1449 2871 1472 2905 ,
1518 2812 2069 2911 tranquillitatem
2091 2868 2112 2902 ,
2155 2811 2374 2889 otium
2399 2867 2423 2902 ,
2467 2813 3041 2913 concordiamque
3064 2817 3319 2910 afferat,

729 2927 859 2984 rat.
899 2932 1010 3009 23.
1040 2934 1157 3007 pro
1200 2919 1503 2983 Murena.
1932 2943 1935 2949 ·

690 3051 693 3056 ·
745 3001 965 3119 Qod
1003 3030 1139 3084 erat
1177 3009 1555 3107 optandum
1594 3004 1935 3097 maxime,
1973 3005 2280 3100 Judices‚
2325 3004 2605 3103 &quod
2628 3030 2844 3080 unum
2881 3008 2966 3081 ad
2984 3008 3311 3084 invidiam

620 3137 626 3144 ·
657 3108 865 3180 vestrl
900 3107 1154 3182 ordinis
1191 3103 1668 3203 infamiamque
1699 3101 2115 3199 judiciorum
2164 3100 2514 3175 sedandam
2555 3102 2851 3176 maxime
2892 3105 3313 3201 pertinebat;

658 3204 729 3276 id
772 3227 911 3277 non
950 3203 1251 3276 humano
1285 3198 1604 3291 consilio,
1646 3200 1757 3272 sed
1796 3202 2011 3299 prope
2062 3194 2390 3272 divinitus
2446 3199 2680 3272 datum
2737 3220 2940 3299 atque
3000 3198 3309 3277 oblatum

654 3299 857 3376 vobis
891 3302 1159 3374 summo
1203 3297 1639 3418 Reipublicae
1674 3316 1982 3394 tempore
2022 3295 2330 3386 videtur,
2380 3298 2446 3365 in
2471 3296 2735 3368 Verrem
2755 3304 2907 3370 ΑΕ.
2938 3320 3000 3371 1.

666 3479 673 3486 ,
749 3397 969 3495 Qtod
998 3418 1299 3496 precatus
1330 3423 1367 3469 a
1396 3397 1568 3491 Jove
1599 3395 1909 3493 optimo,
1951 3392 2297 3483 maximo,
2339 3389 2584 3466 ceteris
2613 3419 2699 3467 ue
2742 3394 2864 3468 diis
2917 3395 3319 3471 immortali-

654 3494 789 3568 bus
825 3495 1016 3587 sum,
1058 3494 1403 3593 Quirites,
1445 3518 1529 3565 eo
1558 3511 1864 3586 tempore
1888 3547 1911 3581 ,
1949 3487 2112 3564 cum
2156 3515 2267 3563 me
2303 3418 2738 3588 fortunasque
2756 3516 2934 3565 meas
2953 3516 3077 3589 pro
3092 3494 3314 3568 vestri

600 3681 609 3686 Α
654 3592 1154 3684 incolumitate,
1199 3592 1379 3681 oti0,
1422 3588 1919 3686 concordiaque
1960 3588 2244 3679 dev'ovi,
2286 3605 2369 3659 ut
2398 3585 2446 3659 fi
2475 3612 2652 3661 meas
2686 3588 2968 3662 rationes
3005 3613 3314 3687 unquam

659 3690 893 3762 vestrae
930 3690 1121 3763 saluti
1150 3684 1661 3785 anteposuisscm
1688 3743 1710 3776 ,
1755 3683 2221 3783 sempiternam
2262 3706 2539 3780 poenam
2567 3684 2953 3759 sustinerem
2996 3687 3146 3758 meti
3189 3712 3313 3760 vo-

608 3817 625 3824 *
657 3789 910 3860 luntate
949 3785 1312 3885 susceptam
1356 3812 1373 3857 τ
1443 3782 1541 3857 fin
1576 3783 1648 3855 &
1678 3808 1755 3856 ca
1792 3785 1927 3857 &a
1968 3784 2111 3881 ejus
2142 3780 2520 3853 devotionis
2580 3804 2690 3854 me
2745 3781 2876 3856 efl'e
2908 3782 3312 3857 convifilum

606 3913 615 3918 ·
656 3884 911 3978 judicio
959 3885 1242 3958 deorum
1298 3881 1784 3958 immortalium
1811 3936 1834 3969 ,
1876 3877 2262 3954 testimonio
2314 3875 2595 3952 Senatfis
2626 3935 2650 3969 ,
2692 3876 3014 3953 consensu
3057 3882 3312 3972 Italiae,

608 4014 615 4022 ·
660 3977 1065 4055 confeffione
1097 3981 1527 4055 inimicorum
1551 4035 1570 4065 ‚
1613 3976 1946 4049 beneficio
1980 3977 2216 4048 divino
2261 3974 2761 4075 immortalique
2791 3977 3055 4065 vestro,
3096 3980 3312 4060 maxi-

660 4077 780 4147 me
802 4077 991 4150 laetor
1012 4137 1034 4169 ,
1145 4079 1386 4152 uiriteS.
1435 4077 1509 4149 &
1532 4075 1579 4148 fi
1606 4072 1865 4148 homini
1903 4075 2070 4148 nihil
2095 4073 2188 4145 cst
2213 4073 2428 4171 magis
2464 4076 2840 4172 optandum
2865 4125 2891 4165 ‚
2942 4074 3146 4174 quam
3172 4076 3308 4149 ὅτε.

598 4201 617 4214 ·
642 4178 853 4244 Orat.
898 4195 1010 4269 27.
1043 4080 1175 4267 ᾗ
1207 4175 1494 4246 reditum.

750 4272 1077 4368 Qonam
1117 4294 1271 4341 meo
1325 4269 1462 4341 fato
1487 4325 1509 4357 ‚
1561 4275 1645 4344 P.
1687 4273 1776 4347 C.
1811 4269 1959 4344 fieri
2008 4269 2224 4344 dicam
2249 4328 2271 4360 ,
2315 4291 2394 4345 ut
2428 4289 2632 4339 nemo
2683 4266 2787 4338 his
2827 4267 3016 4343 annis
3068 4268 3310 4363 viginti
3403 4271 3414 4272 ’

656 4370 867 4466 Reip.
904 4369 1111 4441 hostis
1143 4364 1389 4456 fuerit,
1438 4367 1556 4462 qui
1589 4390 1730 4442 non
1766 4367 2026 4442 benum
2051 4367 2288 4441 eodem
2325 4385 2634 4459 tempore
2688 4363 2857 4436 mihi
2887 4384 3168 4461 quoque
3209 4367 3310 4439 in·

657 4468 946 4543 dixerit?
992 4467 1273 4560 Philipp.
1315 4485 1374 4536 z.
2362 4462 2436 4533 Y
3161 4462 3305 4536 Etsi
