4585 5992
963 624 2052 727 P‘mLosopfflch
2245 644 2483 720 cu.
2526 640 2816 720 xv11.
3087 644 3228 737 ηῐ

559 762 700 869 ipse
722 762 809 840 ad
824 787 1047 841 mmm
1074 766 1431 843 utilitatem
1455 763 1713 869 semper
1729 790 1889 841 eum
1906 761 2172 839 Graecis
2202 759 2453 837 Latina
2477 759 2808 868 conjunxi
2834 815 2857 845 .
2877 752 3225 868 ὐεᾳυςὶᾴ

562 856 635 937 in
660 858 1101 973 Philosophia
1134 860 1398 955 solum,
1427 862 1536 938 sed
1568 866 1765 940 etiam
1791 861 2146 938 indicendi
2184 854 2799 937 exercitationefeci
2817 904 2843 944 ‚
2874 853 3054 930 idern
3097 852 3228 928 tib}

559 958 798 1036 censto
836 957 1222 1036 faciendum
1244 1008 1272 1051 ‚
1318 982 1396 1034 ut
1475 985 1548 1034 ar
1574 958 1657 1035 fis
1685 963 1757 1034 in
1789 957 2140 1059 utriusque
2161 956 2481 1033 orationis
2500 953 2851 1041 facultate,
2906 950 3057 1024 1.de
3078 942 3218 1043 Off.

659 1055 734 1132 Si
761 1057 915 1156 quis
947 1057 1285 1147 vesti-iim,
1315 987 1586 1148 Judices
1608 1113 1632 1147 ,
1665 1078 1785 1130 aut
1818 1081 2056 1130 eorum
2090 1054 2213 1165 qui
2231 1053 2514 1144 adsunt,
2540 1049 2718 1127 forte
2759 1048 3077 1138 miratur,
3111 1072 3236 1123 me·

559 1154 680 1253 qni
706 1174 816 1227 tot
841 1175 1053 1226 annos
1086 1154 1161 1227 in
1194 1148 1407 1226 caufis
1430 1149 1839 1252 judiciisque
1878 1150 2172 1252 publicis
2213 1153 2306 1231 ita
2340 1150 2458 1225 iim
2494 1150 2827 1238 versatus,
2877 1166 2957 1221 ut
2990 1143 3234 1251 defen-k

556 1249 772 1325 derim
812 1249 1104 1342 multos,
1147 1247 1433 1325 laeserim
1464 1251 1810 1324 neminem
1830 1276 1873 1338 <3
1936 1248 2164 1325 subito
2213 1274 2404 1325 nune
2443 1249 2701 1323 mutata
2737 1247 3087 1320 voluntate
3134 1240 3226 1316 ad

553 1345 1006 1423 accufimdum
1042 1344 1539 1431 descenderim3
1583 1345 1639 1418 is
1677 1344 1728 1417 fi
1768 1348 1903 1420 mei
1941 1345 2202 1421 consilii
2238 1348 2499 1422 causam
2544 1344 3006 1440 rationemque
3058 1363 3225 1456 cog:-

559 1443 871 1534 noverit,
915 1440 1059 1515 uni
1085 1442 1162 1516 &
1193 1440 1307 1532 id,
1346 1441 1537 1539 quod
1587 1439 1805 1531 facio,
1853 1441 2199 1538 probabit,
2248 1441 2325 1515 &
2365 1444 2439 1516 in
2484 1444 2613 1517 hac
2647 1444 2850 1531 caus-21
2903 1435 3239 1538 profedlm·

561 1539 906 1613 neminem
948 1536 1489 1635 praeponendum
1531 1535 1665 1610 effe
1692 1537 1861 1611 mihi
1889 1537 2187 1613 a&0rem
2219 1538 2507 1634 putabit,
2566 1566 2623 1612 1.
2659 1544 2727 1610 in
2765 1540 3054 1614 Verrem.

656 1635 730 1709 Si
765 1634 918 1730 quis
955 1650 1190 1724 antea,
1226 1632 1547 1726 Judices,
1597 1631 1966 1708 mirabatur
2004 1635 2171 1731 quid
2204 1634 2404 1726 esset,
2446 1637 2802 1734 quod-pro
2841 1636 3039 1708 tantis
3074 1630 3225 1725 opi-

563 1731 694 1804 bus
738 1731 949 1827 Reip.
983 1732 1308 1827 tantaque
1348 1729 1676 1839 dignitate
1729 1728 1997 1830 imperii
2032 1786 2058 1819 ‚
2122 1756 2171 1803 n
2256 1755 2550 1828 uaquam
2595 1730 2739 1805 satis
2790 1732 2992 1805 multi
3040 1730 3233 1802 cives

558 1824 718 1899 forti
763 1827 838 1900 δε
873 1849 1126 1926 magno
1158 1825 1389 1900 animo
1420 1826 1886 1901 invenirentur
1911 1884 1933 1917 ,
1985 1826 2104 1925 qui
2134 1852 2220 1901 au
2271 1847 2460 1905 erent
2500 1826 2563 1901 {e
2613 1827 2688 1900 δί
2716 1826 2997 1901 salutem
3040 1820 3225 1898 suam

559 1923 635 1995 in
676 1919 1036 1995 discrimen
1080 1918 1322 1997 offerre
1367 1947 1496 2021 pro
1547 1923 1718 1997 statu
1752 1924 2037 1997 civitatis
2069 1925 2144 1998 ὃ(
2178 1950 2303 2022 pro
2341 1926 2698 1998 communi
2743 1923 3090 2010 libertate3
3131 1944 3224 1995 ex

562 2020 696 2093 hoc
724 2037 1031 2117 tempore
1053 2016 1333 2097 miretur
1371 2014 1636 2115 ροῑίὖε,
1687 2018 1735 2091 fi
1756 2043 1961 2114 quem
1995 2019 2259 2091 bonum
2296 2020 2373 2092 δε
2410 2019 2656 2093 fortem
2691 2022 2915 2094 civem
2938 2019 3185 2094 viderit
3206 2077 3232 2108 ,

561 2114 770 2215 quam
808 2111 1107 2286 fiPqugm
1138 2136 1254 2192 aut
1289 2112 1611 2191 timidum
1650 2111 1919 2214 potius,
1961 2112 2171 2212 quam
2210 2115 2425 2212 Reip.
2456 2117 2920 2191 consulentem
2953 2163 2982 2205 ,
3027 2119 3225 2195 Orat.

616 2234 681 2287 2.
795 2235 829 2282 ο
930 2269 945 2285 .
1033 2216 1216 2284 extio,

570 2232 604 2311 ³
655 2231 941 2407 Ssprquid
974 2310 1068 2384 cst
1103 2309 1175 2383 in
1220 2334 1331 2384 me
1363 2307 1655 2419 ingenii,
1700 2307 2014 2404 Judices,
2056 2308 2250 2409 quod
2280 2308 2490 2385 sentio
2513 2307 2720 2407 quam
2759 2305 2839 2380 fit
2864 2307 3231 2410 exiguum}

504 2454 509 2458 -
561 2426 677 2480 aut
711 2404 759 2478 fi
792 2430 931 2503 qua
964 2406 1349 2481 exercitatio
1395 2406 1662 2481 dicendi
1683 2461 1705 2498 ,
1753 2406 1826 2482 in
1859 2409 1998 2506 qua
2024 2432 2135 2483 me
2167 2433 2311 2482 non
2336 2405 2605 2489 inficior
2630 2404 3058 2482 mediocriter
3089 2407 3230 2482 effe

560 2501 943 2581 versatum:
998 2523 1116 2579 aut
1170 2501 1220 2575 si
1270 2504 1410 2577 &c.
1458 2528 1690 2578 earum
1747 2529 1979 2579 rerum
2030 2505 2345 2580 omnium
2391 2505 2505 2579 vel
2548 2504 2622 2577 in
2681 2503 2915 2601 primis
2968 2503 3080 2579 hic
3125 2504 3230 2581 A.

562 2597 875 2673 Licinius
913 2598 1219 2675 fru&um
1265 2598 1304 2673 a
1336 2625 1447 2672 me
1478 2620 1775 2701 repetere
1801 2599 2019 2702 prope
2053 2605 2174 2678 suo
2179 2604 2336 2703 jure
2373 2599 2616 2678 debet:
2655 2624 2812 2675 nam
2831 2600 3230 2701 quoad&C.'

561 2702 751 2768 Orat.
787 2704 903 2770 26.
940 2717 1058 2791 pro
1099 2696 1350 2770 Archia
1380 2698 1608 2772 Poeta.

576 2792 601 2805 “
653 2794 762 2886 Si,
804 2794 886 2867 P.
919 2795 1009 2870 C.
1045 2821 1173 2895 pro
1211 2794 1445 2869 vestris
1482 2793 1980 2872 immortalibus
2019 2797 2092 2873 in
2126 2822 2279 2887 me,
2311 2794 2720 2892 fratremque
2740 2816 3014 2887 meum,
3046 2794 3224 2872 lffies

563 2890 804 2989 rosque
844 2891 1107 2967 nostros
1129 2943 1155 2982 ‚
1189 2892 1442 2965 meritis
1484 2890 1727 2990 parum
1767 2895 1963 2970 vobis
1998 2891 2345 2969 cumulate
2401 2889 2649 2991 gratias
2694 2915 2941 2989 egero,
2984 2893 3230 2992 quaeib'·

556 2987 1030 3087 obtestorque,
1075 3017 1161 3064 ne
1193 3013 1367 3062 meae
1397 3009 1651 3064 naturae
1687 2988 1951 3091 potius,
1998 2988 2210 3088 quim
2240 2983 2691 3085 magnitudini
2704 2986 3084 3064 vestrorum
3099 2992 3218 3067 be-

556 3082 1007 3175 neficiorum,
1053 3084 1123 3162 id
1161 3083 1602 3160 tribuendum
1638 3088 1930 3183 putetis,
1976 3091 2168 3158 Orat.
2198 3084 2314 3160 28.
2348 3080 2484 3176 post
2515 3081 2785 3153 reditum
2816 3087 2885 3152 in
2926 3085 3072 3157 Sen.

653 3180 727 3256 Si
760 3205 1091 3278 quantum
1135 3182 1206 3255 in
1235 3205 1400 3282 agro
1433 3175 1731 3280 locisque
1768 3182 2039 3258 desertis
2075 3180 2353 3258 audacia
2389 3177 2648 3277 potest,
2682 3197 2948 3253 tantum
2965 3181 3038 3255 in
3057 3178 3230 3260 foro*

553 3289 758 3375 atque
811 3279 883 3351 in
926 3278 1197 3378 judiciis
1233 3276 1653 3378 impudentia
1703 3282 1989 3371 valeret,
2034 3303 2177 3354 non
2211 3272 2438 3351 minus
2477 3276 2546 3348 in
2581 3275 2780 3349 causi
2814 3276 3078 3353 eederet
3119 3281 3211 3353 A.

553 3371 835 3450 Caecina
867 3379 1025 3452 Sex.
1060 3372 1340 3451 AEbutii
1373 3375 1852 3485 impudentiae,
1898 3376 2108 3478 quam
2146 3397 2297 3452 tum
2330 3373 2404 3447 in
2435 3372 2509 3446 vi
2549 3369 2852 3447 facienda
2885 3371 3065 3451 ceffit
3092 3373 3228 3453 au&

434 3549 451 3556 „
552 3470 803 3565 daciae,
852 3479 1040 3545 Orat.
1086 3498 1194 3548 12.
1225 3493 1344 3566 pro
1380 3474 1649 3546 Caecma.

642 3571 715 3644 Si
758 3589 875 3644 tua
903 3566 1386 3645 tantummodo
1424 3627 1446 3662 ,
1490 3569 1721 3646 Vatini
1758 3628 1781 3663 ‚
1828 3572 1996 3669 quid
2048 3568 2413 3669 indignitas
2462 3566 2871 3667 postularet,
2914 3565 3210 3668 spediar‘e

548 3666 949 3759 voluissem,
992 3668 1285 3742 fecissem
1332 3668 1436 3750 id,
1489 3670 1676 3765 quod
1730 3669 1807 3743 iis
1864 3668 2303 3776 gehementer
2354 3665 2702 3761 placebat,
2747 3687 2824 3738 ut
2860 3685 2968 3759 te,
3015 3671 3210 3778 cujus

543 3762 1005 3838 testimonium
1054 3783 1333 3865 propter
1371 3765 1862 3860 turpitudinem
1912 3766 2074 3841 vitae
2117 3763 2474 3859 sordesque
2519 3760 2910 3836 domesticas
2956 3766 3230 3866 nullius*=

547 3861 874 3934 momenti
917 3884 1304 3961 putaretur,
1350 3864 1590 3937 tacitus
1637 3863 2086 3966 dimitterem,
2133 3863 2330 3934 Orat.
2373 3874 2488 4029 3}
2539 3863 2606 3931 in
2643 3859 3001 3932 Vatinium.
3223 3951 3234 3965 ,

641 3956 710 4028 Si
755 3958 904 4055 quis
940 4016 964 4050 ‚
1005 3960 1278 4054 Judices
1321 4016 1345 4050 ,
1387 3957 1565 4034 forte
1618 3986 1803 4035 nune
1866 3961 2035 4035 adfit
2087 3961 2364 4062 ignarus
2448 3980 2698 4055 egum,
2737 3957 3213 4057 judiciorum,
3259 3981 3277 4000 ·

543 4051 1047 4130 consuetudinis
1096 4059 1343 4132 nostrae
1370 4109 1390 4146 ,
1436 4060 1721 4132 miretur
1766 4051 2116 4155 profuiti),
2162 4083 2321 4157 quae
2370 4053 2450 4127 fit
2492 4075 2673 4129 tanta
2720 4057 3029 4132 atrocitas
3059 4057 3210 4134 ‘hu-

531 4143 720 4244 jusce
766 4147 975 4222 caufie
1021 4154 1315 4227 &csncc
1352 4152 1659 4246 dubitet,
1702 4154 1871 4254 quin
1919 4154 2073 4231 &c..
2104 4159 2296 4226 Orat.
2343 4173 2451 4250 34.
2471 4172 2586 4244 pro
2622 4152 2732 4224 M.
2759 4154 2970 4227 Coelio.

514 4251 520 4257 ’
628 4244 699 4317 Si
733 4247 887 4342 quis
920 4247 1217 4322 vestrum
1241 4304 1264 4338 ‚
1313 4251 1393 4321 P.
1422 4253 1510 4325 C.
1560 4248 1943 4351 exspectat,
1986 4278 2157 4352 quas
2191 4251 2314 4325 {im
2352 4250 2730 4348 provincias
2769 4249 3163 4325 decreturus
3179 4263 3228 4347 ,ἢ

537 4341 912 4438 confideret
953 4343 1090 4438 ipse
1154 4344 1378 4417 secum
1420 4403 1443 4436 ,
1490 4348 1612 4445 qui
1656 4347 1829 4424 mihi
1874 4350 2193 4426 homines
2242 4370 2331 4423 ex
2427 4342 2744 4418 rovinsiis
2787 4342 3203 4442 potiffimilm
3285 4399 3290 4404 -

533 4437 925 4519 detrahendi
976 4439 1106 4515 fint
1132 4441 1273 4517 &c.
1307 4443 1499 4515 Orat.
1550 4463 1662 4542 35.
1720 4447 1729 4454 ’
1808 4451 1817 4460 ‘
2497 4462 2546 4512 2
3126 4452 3202 4528 Si
