4585 5992
1379 699 1424 777 3
2201 679 2276 757 L
2366 683 2434 758 E
2522 680 2600 756 X
2691 680 2727 757 1
2815 679 2885 757 C
2974 676 3050 755 O
3138 663 3222 753 N

1374 794 1668 897 erigere,
1710 819 1836 872 nec
1859 797 2060 875 tantis
2088 796 2287 875 bonis
2317 798 2567 901 quibus
2601 800 2852 900 majora
2881 793 3009 872 essi:
3045 794 3232 870 nulla
3260 808 3629 894 potuerunt
3664 790 3688 883 ᾖ
3731 790 3836 866 uti
3876 793 4028 894 pos-

1381 889 1497 966 set.
1529 891 1636 966 sed
1668 894 1976 993 profecto
2006 918 2085 971 ut
2111 918 2348 973 contra
2373 895 2779 999 serpentium
2812 897 3002 970 virus
3035 894 3558 993 pharmacorum
3592 912 3835 988 genera
3848 896 4030 970 mul-

1378 1008 1486 1080 ta,
1532 1013 1766 1067 contra
1794 993 2042 1093 inopia:
2077 996 2515 1071 calamitatem
2557 992 2811 1068 solertia
2858 993 2933 1067 δε
2976 990 3339 1079 industria,
3381 986 3614 1062 conti-‘a
3664 989 4028 1084 turpitudi-
4131 1038 4134 1039 ν

1381 1084 1485 1157 nis
1518 1088 1933 1188 voluptatem
2017 1092 2192 1167 udor
2224 1094 2301 1168 &
2334 1092 2732 1167 verecundia
2749 1148 2773 1182 ,
2813 1089 2905 1162 sic
2944 1109 3178 1162 contra
3227 1085 3480 1160 doloris
3527 1082 3830 1158 morsum
3860 1089 4029 1165 Phi-

1370 1178 1686 1281 losophia
1724 1187 1920 1262 nobis
1954 1119 2103 1266 d'ata
2138 1190 2233 1264 est
2262 1189 2550 1265 deorum
2583 1188 3071 1261 immortalium
3116 1181 3426 1258 concess'u
3473 1201 3675 1279 atque
3723 1208 4024 1263 munere.

1370 1284 1597 1376 'quam
1629 1304 1708 1357 ut
1742 1310 1947 1361 nemo
1971 1286 2114 1362 fiatis
2145 1314 2273 1389 pro
2301 1287 2622 1386 dignitate
2647 1285 2917 1359 laudare
2949 1303 3186 1381 queat,
3219 1279 3311 1354 fic
3329 1280 3818 1390 quamplurimi
3837 1306 4027 1357 men-

1387 1378 1475 1449 tis
1505 1381 2095 1479 tranquillitatem,
2135 1387 2348 1462 animi
2377 1384 2943 1474 moderationem,
2989 1381 3061 1453 in
3091 1380 3468 1477 voluptates
3508 1400 3909 1475 imperium,
3951 1380 4027 1455 in

1381 1473 1620 1550 acerba
1652 1481 1882 1554 omnia
1905 1479 2236 1559 summam
2272 1482 2643 1581 quamdam
2671 1481 2814 1555 vim
2832 1476 3381 1555 acfortitudinem
3410 1472 3510 1548 illi
3536 1474 3660 1549 uni
3686 1496 4029 1581 acceptam

1384 1568 1676 1647 referant
1689 1631 1713 1665 ,
1754 1579 2007 1653 necesse
2032 1582 2129 1655 est
2147 1639 2171 1673 ‚
2214 1581 2288 1653 de
2332 1578 2636 1676 Confhlat.
4003 1588 4012 1619 ³

1366 1678 1371 1685 '
1421 1757 1425 1761 .
1484 1669 1661 1745 Non
1688 1669 1826 1746 fine
1862 1680 2097 1772 causa,
2140 1704 2280 1772 ms,
2324 1703 2489 1776 quas
2518 1674 2696 1765 dixi,
2738 1674 2808 1747 in
2838 1670 3061 1772 pueris
3097 1669 3433 1744 virtutum
3467 1665 3655 1768 quafi
3705 1666 4029 1761 scintillu-

1387 1765 1482 1838 las
1516 1767 1865 1863 videmuS,
1911 1772 1950 1845 ὲ
1980 1775 2229 1873 quibus
2259 1774 2532 1850 accendi
2567 1768 2964 1871 Philosophi
2989 1770 3158 1843 ratio
3190 1767 3424 1857 debet,
3468 1786 3548 1840 ut
3578 1792 3725 1841 mm
3760 1826 3783 1860 ‚
3841 1772 4028 1870 quafi

1381 1861 1629 1957 deum,
1672 1866 1916 1943 ducem
1966 1869 2152 1946 subse
2202 1882 2406 1964 uens,
2446 1871 2533 1943 ad
2579 1886 2835 1941 naturae
3047 1865 3225 1939 eniat
3263 1883 3668 1939 extremum.
3702 1889 3860 1955 nam
3886 1926 3909 1960 ,
3950 1882 4029 1945 ut

1386 1956 1472 2034 sae
1524 1960 1563 2035 ὲ
1587 1965 1729 2062 jam
1760 1965 1900 2038 dixi
1933 2023 1958 2057 ,
1998 1968 2072 2040 in
2099 1900 2372 2042 inffirma
2398 1987 2593 2040 aetate
2633 1961 2877 2040 imbeci
2907 1964 3106 2062 laque
3148 1984 3374 2036 mente
3403 2013 3429 2054 ‚
3475 1962 3578 2036 vis
3608 1982 3864 2039 naturae
3910 1993 4030 2066 per

1386 2060 1513 2130 cai
1570 2061 1746 2132 inem
1776 2063 2096 2136 cernitur.
2145 2091 2310 2138 cum
2357 2083 2581 2138 autem
2677 2059 3060 2172 rogrodiens
3102 2059 3543 2136 confirmatur
3568 2063 3869 2154 animus,
3911 2089 4031 2163 ag-

1362 2172 1491 2226 *no
1517 2156 1609 2227 cit
1647 2156 1758 2228 ille
1785 2157 2064 2255 quidem
2094 2180 2350 2253 naturae
2378 2152 2519 2235 vim
2542 2217 2565 2252 ,
2637 2158 2720 2231 ed
2745 2181 2850 2233 ,ita
2876 2177 2953 2233 ut
2983 2156 3299 2260 progredi
3331 2154 3524 2257 possit
3556 2156 3866 2258 longius,
3908 2186 4031 2260 per

1392 2244 1457 2322 se
1487 2250 1569 2326 fit
1599 2270 1827 2327 tamen
1857 2255 2189 2332 inchoata.
2225 2257 2612 2332 intrandum
2647 2256 2741 2330 est
2773 2257 2979 2358 igitur
3006 2256 3078 2329 in
3130 2279 3355 2329 rerum
3402 2274 3708 2329 naturam
3741 2256 3817 2330 &
3846 2260 4032 2355 peni-

1354 2341 1540 2440 Ἰὼ,
1584 2349 1752 2449 quid
1783 2378 1856 2427 ca
1893 2354 2224 2453 postulet,
2269 2354 2784 2457 pervidendum.
2820 2355 3008 2428 aliter
3040 2355 3222 2427 enim
3250 2349 3629 2451 nofhtetipsbs
3682 2354 3839 2447 noffi
3871 2380 4030 2432 non

1391 2447 1767 2543 postumus,
1797 2452 1986 2549 quod
2015 2474 2428 2555 praeceptum
2452 2510 2476 2544 ‚
2567 2453 2676 2527 uia
2705 2454 2920 2553 majus
2948 2473 3123 2544 emt,
3167 2451 3376 2550 quam
3412 2469 3490 2524 ut
3511 2448 3597 2525 ab
3628 2449 3906 2525 homine
3928 2456 4033 2527 vi-

1390 2539 1709 2637 deretur,
1757 2545 2013 2623 idcirco
2055 2549 2454 2651 affignatum
2486 2575 2525 2622 c
2618 2549 2766 2622 deo.
2791 2548 2987 2650 jubet
3034 2548 3243 2648 igitur
3286 2574 3408 2622 nos
3442 2548 3732 2649 Pythius
3772 2551 4033 2649 Apollo

1389 2636 1623 2732 noscere
1651 2640 2048 2741 nofhtetzpsbs.
2085 2673 2171 2725 co
2222 2649 2388 2722 nitio
2417 2668 2642 2723 autem
2680 2647 2825 2720 haec
2854 2644 2950 2720 cst
2975 2671 3109 2719 una
3126 2704 3148 2737 ‚
3193 2666 3272 2719 ut
3302 2646 3447 2719 vim
3479 2645 3689 2720 nostri
3724 2649 4032 2746 corporis

1358 2737 1740 2839 'animique
1775 2745 2133 2836 norimuS,
2210 2769 2675 2846 equamurque
2709 2769 2856 2817 eam
2912 2744 3122 2817 vitam
3165 2800 3186 2830 ‚
3233 2767 3387 2842 quae
3446 2741 3644 2817 rebus
3697 2744 3854 2845 ipfis
3882 2758 4034 2844 pcr-

1390 2829 1679 2921 fruatur,
1718 2860 1781 2934 5.
1807 2840 1882 2912 de
1914 2843 2058 2913 Fin.
2085 2866 2207 2945 44.
2245 2845 2333 2918 ita
2349 2844 2428 2917 fit
2465 2863 2542 2916 ut
2563 2862 2772 2915 mater
2803 2842 3114 2914 omnium
3143 2840 3477 2915 bonarum
3510 2840 3757 2915 artium
3780 2840 4036 2939 sapien-

1389 2929 1484 3006 tia
1528 2931 1625 3009 fit.
1687 2934 1726 3011 a
1769 2940 1960 3014 cu'us
2006 2964 2236 3018 amore
2274 2993 2300 3034 ‚
2413 2964 2592 3017 taeco
2641 2938 2852 3018 verbo
2880 2998 2904 3032 ,
2963 2935 3397 3035 Philosophia
3450 2961 3706 3012 nomen
3754 2939 4035 3016 invenit.

1348 3041 1355 3046 ’
1391 3031 1530 3140 qua
1569 3033 1739 3111 nihil
1766 3037 1802 3109 a
1833 2968 1957 3111 diis
1989 3039 2353 3124 immortali
2408 3065 2483 3113 us
2520 3037 2832 3132 uberim,
2879 3035 3050 3110 nihil
3078 3035 3457 3127 florentius,
3502 3036 3671 3110 nihil
3696 3037 4038 3136 praestabi-

1346 3125 1524 3202 'hus
1572 3129 1932 3208 hominum
1982 3136 2140 3210 vitae
2186 3137 2418 3210 datum
2467 3137 2584 3210 est.
2634 3135 2781 3210 haec
2820 3133 3002 3208 enim
3050 3158 3187 3209 una
3229 3157 3355 3209 nos
3413 3130 3578 3206 cum
3615 3153 4041 3210 ‘caeterasres

1390 3249 1671 3319 omnes»,
1714 3251 1863 3304 tum
1896 3289 1917 3316 ,
1962 3232 2171 3329 quod-
2197 3235 2289 3306 cst
2338 3232 2858 3320 difficillimum,
2902 3231 3177 3320 docuit,
3218 3252 3298 3304 ut
3329 3229 3761 3328 nosmetipsos
3814 3231 4042 3307 nosce-

1392 3346 1642 3397 remus.
1686 3329 1879 3424 cujus
1924 3330 2241 3429 praeccpti
2269 3350 2454 3401 tanta
2487 3329 2634 3417 viS‚
2665 3349 2845 3401 tanta
2878 3325 3313 3400 sententiaest
3334 3384 3356 3417 ‚
3399 3349 3478 3402 ut
3505 3352 3581 3402 ea
3614 3354 3756 3403 non
3777 3327 4040 3405 homini
4145 3391 4148 3392 ν

1391 3420 1690 3521 cuipiam
1720 3479 1744 3510 ‚
1776 3423 1883 3497 sed
1925 3425 2267 3521 Delphico
2281 3427 2412 3498 deo
2439 3423 2866 3499 tribueretur.
2898 3449 3054 3499 nam
3084 3423 3205 3521 qui
3246 3422 3469 3522 seipse
3493 3425 3710 3518 norit,
3735 3427 4036 3523 primum

1345 3525 1363 3534 “
1395 3517 1655 3617 aliquid
1689 3517 1917 3596 sentiet
1947 3522 2009 3595 se
2048 3521 2292 3597 habere
2325 3521 2638 3602 divinum
2666 3580 2688 3613 ‚
2735 3523 3222 3623 ingeniumque
3258 3522 3330 3597 in
3368 3520 3431 3595 se
3462 3525 3659 3596 suum
3685 3581 3708 3614 ‚
3750 3522 3919 3598 ficut
3956 3524 4041 3597 fi-

1346 3623 1353 3707 j
1395 3619 1781 3692 mulacrum
1808 3618 2086 3719 aliquod
2107 3671 2122 3694 2
2154 3619 2536 3694 dedicatum
2562 3620 2862 3719 putabit,
2890 3639 3214 3717 tantoque
3245 3644 3527 3694 munere
3561 3621 3847 3696 deor-um
3870 3622 4041 3695 sern-

1392 3741 1518 3813 per
1562 3716 1849 3816 dignum
1907 3718 2165 3829 aliquid
2196 3719 2275 3790 ⁴&
2313 3715 2554 3807 faciet,
2597 3719 2671 3791 &
2723 3714 2972 3792 sentiet.
3006 3720 3085 3790 ’δε
3119 3714 3283 3790 cum
3335 3715 3403 3790 se
3455 3715 3594 3814 ipse
3630 3716 4040 3818 perspexerit

1389 3816 1753 3913 totumque
1783 3833 2054 3888 tentarit
2073 3872 2096 3906 ,
2115 3815 2445 3914 intelliget
2465 3811 3049 3913 quemadmodum
3088 3814 3126 3887 i
3157 3816 3392 3889 natura
3415 3813 3814 3889 subornatus
3836 3817 3906 3889 in
3935 3819 4042 3891 vi-
4131 3854 4138 3857 ⁴

1338 3931 1343 3938 '
1389 3933 1528 3990 tam
1563 3912 1853 4002 venerit,
1902 3922 2286 4012 quantaque
2317 3913 2765 3990 instrumenta
2805 3911 3036 3985 habeat
3072 3915 3155 3985 ad
3193 3910 3628 3986 obtinendam
3668 3912 4038 4012 adipiscen-

1273 4049 1281 4064 ·
1394 4010 1689 4116 dumque
1744 4006 2146 4105 sapientiam.
2194 4011 2516 4108 quoniam
2563 4010 2896 4108 principio
2925 4034 3153 4086 rerum
3212 4009 3525 4083 omnium
3571 4008 3755 4110 quasi
3796 4012 4040 4084 adum·
4141 4085 4148 4092 ,

1332 4131 1339 4140 ·
1391 4109 1610 4188 brutas
1662 4106 2130 4204 intelligentias
2184 4107 2413 4179 animo
2461 4134 2536 4181 ac
2591 4129 2821 4182 mcntc
2866 4108 3274 4202 conceperit.
3324 4107 3576 4203 quibus
3628 4107 4041 4202 illustratuS,

1390 4204 1705 4302 &pientia
1742 4203 1916 4287 duce
1941 4205 2203 4278 bonum
2243 4206 2507 4296 virum,
2533 4197 2630 4276 ²&
2669 4203 2762 4278 ob
2796 4229 2942 4278 eam
2974 4203 3179 4304 ipfitm
3218 4201 3480 4277 causam
3513 4226 3740 4278 cernat
3776 4202 3839 4278 se
3875 4203 4037 4280 bea-

1312 4315 1333 4412 ζ
1386 4325 1538 4384 tum
1572 4295 1746 4383 fore..
1778 4323 1937 4379 nam
1970 4325 2131 4379 eum
2169 4303 2434 4377 animus
2454 4360 2475 4396 ,
2521 4303 2810 4407 cognitis
2837 4298 3305 4401 perceptisque
3338 4300 3766 4378 virtutibus&
3785 4313 4037 4414 corpo-
