4585 5992
1230 641 2337 727 PHILOSOPHICUM.
2520 642 2756 719 cn.
2818 630 2970 710 IV.
3251 625 3367 722 ’23

713 768 944 832 terum
984 773 1223 861 eorum
1292 785 1402 835 uae
1437 761 1573 838 δίε.
1619 762 1763 839 duo
1795 760 2009 861 prima
2054 784 2296 862 genera
2315 753 2769 857 quaestionum
2789 746 2919 823 effe
2939 799 2964 840 ‚
3002 742 3077 818 in
3107 733 3360 840 quib&

568 861 573 864 “
718 848 783 921 el
879 869 1104 924 uenna
1131 879 1215 928 ve
1277 877 1515 933 aretur.
1550 885 1770 935 unum
1801 861 1940 934 δίε.
1978 858 2258 933 alterum
2298 856 2432 930 ὅτε.
2476 875 2539 926 2..
2579 851 2772 923 Rhet.

955 947 1269 1025 universo
1354 979 1550 1028 encre
1592 956 1894 1056 quaest-io.
1914 1007 1975 1029 ..
2023 956 2109 1029 ad
2150 951 2441 1027 universi
2477 948 2737 1053 generis
2772 944 2920 1019 vim
2959 942 3035 1017 &
3054 954 3364 1011 naturam

714 1038 1042 1117 referre...
1066 1046 1289 1123 dicam
1353 1076 1391 1124 e
1422 1091 1423 1094 ¹
1473 1069 1666 1126 encre
1683 1051 2020 1127 universo.
2048 1108 2098 1125 ..
2138 1051 2269 1127 Sed
2304 1075 2517 1148 genus
2545 1040 2933 1121 universum
2959 1050 3073 1124 (ut
3089 1032 3362 1141 tollatur

712 1141 937 1222 error)
952 1076 1607 1251 brevicircumffin‘bi
1645 1151 1721 1223 &
1739 1150 2009 1224 definiri
2258 1149 2393 1223 &a
2421 1204 2437 1221 .
2462 1204 2479 1218 .
2511 1165 2630 1237 pro
2652 1143 2794 1215 Sex.
2819 1160 2940 1239 97.
2965 1128 3366 1250 ‘Cognoscu

717 1260 808 1312 ex
847 1241 1177 1346 particula
1212 1249 1436 1353 parvi.
1466 1302 1481 1318 .
1530 1272 1744 1349 genus
1784 1249 2026 1322 univer
2055 1271 2196 1320 um.
2225 1303 2241 1319 .
2265 1304 2280 1319 .
2328 1266 2616 1416 guarum
2649 1241 2922 1350 alteram
2961 1220 3368 1404 mnunngffrsi

716 1341 1642 1528 rssssessffieffzsszea
1683 1343 2368 1553 rfflsszfffi.
2388 1339 3181 1538 ‚zzssssffisspgfflg
3207 1349 3365 1498 ες..

727 1521 921 1641 verso
944 1580 966 1612 ‚
1010 1527 1160 1600 ibid.
1208 1532 1367 1604 126.
1415 1553 1617 1629 atque
1654 1537 1741 1608 de
1777 1536 2084 1610 unlverso
2123 1563 2367 1638 genere
2399 1537 2658 1611 dicatur
2678 1591 2701 1624 ‚
2742 1529 2892 1603 ibid.
2919 1587 2936 1602 .
2971 1585 2984 1602 .
3034 1550 3178 1599 non
3234 1519 3364 1595 mi·

726 1644 858 1692 nus
898 1641 1117 1717 opens
1159 1625 1324 1698 mihi
1365 1627 1637 1703 videtur
1673 1631 1757 1705 de
1788 1632 2110 1704 univerfis
2149 1633 2508 1732 generibus
2539 1655 2766 1705 rerum
2789 1686 2812 1720 ‚
2860 1625 3072 1726 quam
3102 1623 3369 1729 demq-

724 1715 808 1789 fis
850 1714 1274 1816 fingulorum
1302 1722 1624 1800 dicere...
1670 1748 1734 1797 2.
1776 1728 1851 1797 de
1889 1733 2080 1799 Orat.
2122 1750 2242 1823 7¹·
2284 1731 2395 1801 vel
2428 1727 2488 1800 se
2578 1728 2776 1799 ratim
2816 1726 2903 1796 de
2931 1745 3178 1822 genere
3211 1739 3365 1790 um-

720 1809 915 1920 verso
948 1813 1202 1906 dicere,
1249 1819 1356 1891 vel
1398 1819 1484 1892 de
1517 1820 1795 1920 singulis
1831 1822 2277 1898 hominibus..
2305 1882 2322 1899 .
2371 1845 2432 1895 2.
2465 1754 2759 1894 Korax.
2814 1839 2971 1917 ¹35·
3002 1840 3248 1917 genera
3285 1834 3368 1884 ue·

634 1965 691 1990 -,
718 1907 1079 1984 niverfi...
1140 1938 1197 1985 1.
1248 1913 1326 1983 de
1373 1921 1561 1985 Orat.
1617 1920 1771 2013 146.
1809 1918 2107 1990 univerfi
2142 1920 2506 2019 generis...
2558 1936 2913 1992 revocetur
2971 1929 3241 2010 oportet
3279 1906 3367 1982 ad

713 2030 936 2106 genus
972 2009 1047 2081 &
1078 2030 1390 2083 naturam
1430 2014 1833 2087 universam.
1862 2069 1913 2087 ..
1964 2037 2035 2087 2.
2068 2017 2142 2084 de
2170 2016 2365 2086 Orat.
2408 2031 2566 2110 135.
2599 2015 2813 2085 oratio
2832 2012 2918 2083 ad
2939 2005 3229 2082 univerfi
3248 2030 3367 2105 ge-

718 2103 896 2182 neris
927 2103 1445 2203 disputationem
1486 2108 1811 2186 referatur
1834 2168 1856 2202 ,
1902 2112 2157 2185 necess'e
2184 2111 2281 2184 est
2303 2168 2325 2203 ,
2342 2113 2495 2184 ibid.
2529 2135 2554 2183 1
2571 2109 2685 2208 38.
2726 2131 2941 2207 genus
2977 2104 3368 2177 universum

720 2200 793 2275 in
814 2198 1059 2296 species
1091 2223 1299 2279 certas
1324 2207 1648 2303 partia-iac
1682 2209 2085 2282 dividere...
2137 2214 2329 2280 Orat.
2380 2235 2406 2282 1
2428 2231 2539 2306 ¹7·
2575 2204 2868 2280 tribuere
2911 2227 3055 2276 rem
3092 2201 3368 2275 univer-

721 2298 864 2374 sam
897 2301 1235 2396 inparteS.
1264 2360 1320 2375 ..
1357 2304 1437 2374 de
1464 2307 1569 2375 CL
1594 2324 1751 2397 152..
1769 2307 1856 2379 de
1876 2303 2190 2380 universo
2222 2331 2470 2406 genere
2487 2304 2892 2405 quaestiones
2915 2357 2938 2390 ,
2987 2320 3051 2371 2..
3078 2298 3151 2368 de
3171 2302 3369 2370 Orat.

730 2414 888 2494 133.
931 2399 1007 2472 &2
1051 2417 1205 2495 134.
1242 2403 1553 2518 perpetui
1580 2404 1765 2503 juris·
1791 2404 1866 2478 δε
1901 2401 2195 2478 univerfi
2248 2405 2509 2505 generis
2571 2401 2902 2500 quaestio,
2965 2419 3026 2469 1.
3062 2395 3368 2506 deorat..

730 2495 894 2600 1246.
929 2497 1221 2593 quaestio
1249 2523 1287 2570 a
1316 2501 1606 2598 propriis
1619 2498 1909 2597 personis
1937 2500 2465 2601 &temporibus
2498 2500 2587 2576 ad
2621 2496 2915 2578 univer-fi
2933 2517 3196 2599 genens
3217 2515 3367 2568 orff-

718 2607 975 2669 tionem
1013 2592 1315 2669 traduffa
1335 2655 1357 2688 ‚
1401 2598 1774 2696 appellatur
1823 2598 2067 2674 Thefis
2081 2653 2104 2690 ‚
2150 2603 2413 2671 Orator.
2759 2638 2763 2642 <
3127 2661 3138 2674 .

815 2689 912 2762 Et
946 2715 1070 2765 cur
1108 2693 1334 2788 potitis
1388 2694 1456 2768 id
1516 2696 1957 2794 contenditis»,
2001 2696 2190 2796 quod
2226 2722 2479 2791 ‘rerum
2514 2716 2749 2769 natura
2780 2717 2920 2767 non
3004 2691 3247 2782 atitur,
3289 2704 3371 2761 ut

719 2809 863 2859 non
908 2787 1028 2863 suo
1089 2790 1394 2891 quidque
1454 2817 1699 2888 genere
1742 2792 1821 2868 fit
1867 2797 1999 2869 tale
2023 2853 2044 2884 ‚
2096 2794 2296 2892 quale
2348 2795 2496 2868 est?
2546 2818 2673 2866 nec
2707 2790 2787 2864 fit
2823 2793 2895 2864 in
2984 2788 3208 2863 uobus
3252 2801 3372 2860 aut

719 2884 1031 2979 pluribus
1073 2887 1366 2980 nulli-re
1400 2887 1710 2963 differens
1746 2892 1884 2964 ulla
1921 2893 2417 2980 communitam,
2467 2911 2542 2966 ut
2594 2889 2715 2963 fibi
2747 2888 2875 2962 sint
2907 2888 2989 2980 ὃς
3023 2910 3159 2960 ova
3197 2903 3374 2957 ovo-

720 3006 878 3055 rum
916 3039 938 3073 ,
970 2984 1073 3056 1&
1109 3010 1267 3081 apes
1311 3004 1537 3087 apum
1573 2986 1929 3060 simillimae
1982 2990 2116 3062 &c.
2162 3012 2235 3078 4.
2294 2988 2502 3058 Acad.
2540 2988 2656 3082 Q.
2683 3009 2801 3081 54.
2837 2990 2893 3076 -(
2908 2977 3374 3056 ibidescribi-

721 3097 837 3148 tur
866 3080 1234 3153 universale
1270 3106 1485 3181 genus
1520 3139 1540 3172 ‚
1587 3086 1630 3152 ὰ
1657 3100 1841 3179 parte
1869 3088 1962 3154 rei
1991 3142 2009 3174 ,
2046 3103 2124 3157 ut
2159 3084 2554 3169 Scholastici
2589 3087 2819 3173 assunt.
2837 3084 2879 3168 )
2923 3080 3150 3177 itaque
3189 3168 3196 3175 ·
3230 3097 3370 3147 uae-

721 3197 1021 3273 cumque
1074 3177 1170 3249 est
1231 3179 1526 3252 hominis
1578 3179 1898 3253 definitio
1931 3238 1953 3272 ‚
2022 3204 2157 3254 una
2206 3181 2277 3253 in
2341 3204 2576 3254 omncs
2636 3176 2978 3252 convenit.
3028 3194 3124 3273 qu
3270 3193 3376 3245 ar·-

716 3274 1029 3370 gumcnti
1065 3272 1213 3347 fatis
1247 3276 1383 3367 est,
1432 3278 1690 3350 nullam
1722 3276 2323 3351 dissimilitudinem
2364 3278 2496 3351 ess'e
2552 3276 2623 3350 in
2667 3299 2953 3374 genere,
3009 3296 3067 3344 1.
3103 3270 3179 3341 de
3220 3269 3381 3363 Lag.

614 3370 623 3377 ’
725 3388 840 3463 3ο.
870 3394 1084 3469 genus
1170 3373 1310 3446 uod
1348 3373 1436 3448 ab
1473 3375 1704 3447 Ennio
1734 3375 2026 3470 positum
2060 3377 2130 3449 in
2173 3377 2309 3448 uni
2344 3402 2413 3449 re
2437 3431 2458 3465 ,
2510 3372 2849 3446 transferri
2887 3371 2960 3444 in
3013 3366 3383 3468 permultas

721 3467 939 3574 potest
961 3524 993 3555 ‚.
1034 3474 1095 3539 Ο
1158 3524 1174 3538 .
1199 3472 1312 3569 jus
1347 3472 1549 3546 civile
1585 3473 1652 3545 in
1677 3495 1856 3546 certa
1878 3469 2121 3573 genera
2156 3499 2423 3572 cogere.
2463 3468 2768 3569 exposito
2790 3491 3004 3564 genere
3044 3466 3245 3566 hujus
3275 3487 3385 3557 ar<

720 3581 844 3653 tm,
887 3563 1163 3658 officio,
1190 3569 1280 3641 ,ἃ
1315 3568 1517 3659 fine,.
1542 3571 1617 3642 δε
1662 3574 1980 3659 materia,
2017 3572 2091 3644 δε
2127 3570 2473 3667 partibus,
2534 3591 2593 3639 1.
2637 3567 2834 3638 Rhet.

698 3709 709 3717 ·
817 3659 1185 3760 Nusquam
1213 3666 1420 3769 ¹enirn
1468 3688 1604 3739 tam
1658 3668 1989 3767 quaeritur
2025 3726 2042 3753 ,
2087 3669 2291 3765 quale
2328 3665 2408 3740 fit
2432 3688 2621 3761 genus
2652 3662 2848 3761 ipfiem
2897 3661 2994 3736 rei
3026 3660 3165 3735 &a
3201 3682 3272 3733 2.
3303 3655 3382 3731 de

718 3760 912 3830 Orat.
964 3784 990 3830 1
1012 3785 1118 3834 12.
1151 3784 1266 3836 aut
1284 3761 1337 3834 fi
1356 3787 1571 3875 genus
1612 3765 1830 3876 ipsum
1856 3765 2463 3865 argumentationis
2497 3763 2819 3837 vitiosum
2848 3758 3224 3834 ostenditur
3242 3756 3382 3831 &c-

730 3875 793 3926 1.
844 3856 1041 3930 Rhet.
1071 3861 1286 3934 multa
1326 3861 1655 3958 ejusmod1
1692 3861 1993 3962 proferre
2035 3860 2328 3960 poss'um.
2359 3918 2374 3934 .
2404 3917 2419 3934 .
2469 3860 2578 3933 sed
2615 3856 2827 3960 g'enus
2863 3855 3081 3954 ipsum
3115 3854 3384 3945 vidctis,

722 3973 792 4022 2.
813 3952 887 4022 de
909 3956 1082 4028 Nat.
1098 3958 1200 4030 D.
1221 3983 1379 4032 narn
1394 3958 1695 4058 primurn
1718 4018 1739 4051 ‚
1782 3958 2138 4060 generibus
2166 3957 2320 4057 ipfis
2343 3959 2750 4058 distinguere
2769 3956 3091 4029 convenit
3107 3975 3387 4031 omnem

720 4051 1096 4156 orationem
1133 4056 1268 4129 &o
1325 4079 1382 4127 1.
1424 4057 1619 4130 Rhet.
1657 4056 1921 4131 bellum
1956 4080 2202 4153 genere
2234 4055 2377 4154 ipso
2403 4055 2875 4151 necessarium,
2919 4049 3388 4153 magnitudine

725 4147 1175 4239 periculosum
1204 4210 1232 4241 ‚
1284 4175 1402 4243 pro
1438 4155 1661 4247 Pomp.
1701 4181 1818 4251 27.
3271 4165 3278 4169 ⁸

820 4239 1097 4318 Genere
1151 4260 1331 4345 (pro
1372 4252 1819 4350 generatim.)
1872 4272 2014 4327 tota
2054 4250 2264 4351 igitur
2301 4250 2486 4419 Ιιζῑίο
2526 4251 2766 4327 talium
2809 4248 3247 4350 largitionum
3277 4261 3388 4336 ge-

3249 4361 3361 4410 ner

2254 4448 2261 4455 ,
3355 4396 3395 4450 0
