4585 5992
1363 679 1514 758 232

1466 773 1596 844 fio,
1644 771 1710 834 &
1750 772 2058 852 partitio,
2101 776 2232 855 Top.
2273 778 2371 852 83.
2410 789 2691 852 unaquae-

1469 877 1589 940 que
1631 875 1722 918 res
1756 877 1828 917 ex
1864 858 1922 918 se
1963 861 2030 919 &
2069 857 2167 920 sua
2205 859 2422 922 natura
2459 850 2691 934 fimpli-

1472 940 1634 1005 citer
1669 938 2071 1003 consideratur
2105 984 2127 1013 ,
2191 956 2246 1002 1.
2283 940 2452 1004 Rbet.
2493 935 2586 998 vis
2623 942 2688 999 ὅ(

1479 1043 1700 1087 natura
1727 1021 1991 1102 justitiae.
2174 1019 2214 1084 fi
2249 1021 2383 1114 quis
2416 1019 2695 1083 omnium

1474 1129 1686 1169 rerum
1737 1125 1921 1190 atque
1966 1124 2192 1170 artium
2247 1125 2554 1168 rationem
2586 1126 2695 1166 na-

1482 1209 1808 1271 turamque
1857 1188 2389 1273 comprehenderit
2422 1233 2446 1263 ,
2528 1208 2583 1252 1..
2636 1190 2729 1248 de¹

1482 1277 1634 1336 Nat.
1709 1272 1802 1336 vis
1845 1278 1909 1337 &
1945 1294 2165 1338 natura
2203 1275 2269 1336 Sc
2306 1292 2487 1356 genus
2524 1290 2701 1353 argu-

1489 1356 1682 1420 menti
1719 1355 1894 1438 ipsius
1932 1356 2239 1449 quaeritur.
2269 1401 2284 1416 .
2311 1403 2327 1417 .
2398 1354 2492 1416 vis
2539 1353 2703 1416 enim

1493 1446 1561 1504 δι’
1616 1459 1833 1504 natura
1885 1460 1971 1502 rei
2005 1485 2027 1514 ,
2085 1438 2191 1502 nisi
2290 1433 2517 1501 erfedsta
2568 1457 2707 1500 ante

1492 1523 1704 1587 oculos
1742 1522 1990 1604 ponitur
2034 1568 2054 1597 ,
2115 1542 2235 1605 qua
2263 1521 2316 1585 is
2369 1525 2434 1586 &
2482 1540 2709 1603 quanta
2780 1513 3163 1599 EthologuS,
3206 1513 3226 1576 i
3264 1539 3280 1578 :

1491 1606 1604 1680 fit,
1648 1606 1909 1690 intelligi
1943 1626 2063 1667 non
2099 1605 2291 1689 potest
2314 1649 2335 1679 ,
2384 1623 2437 1687 3.
2462 1607 2525 1665 de
2544 1608 2709 1666 Orat.

1491 1697 1596 1755 82.
1644 1691 1788 1754 cum
1826 1711 1941 1772 pro
1990 1688 2150 1752 riam
2169 1689 2443 1771 cujusque
2462 1687 2589 1749 vim
2611 1686 2713 1751 de-

1498 1773 1778 1841 finitione
1821 1710 2112 1838 decssret.
2155 1820 2170 1834 .
2214 1818 2228 1834 .
2313 1771 2712 1856 quamobrem

1498 1857 1780 1928 omnibus
1796 1858 1919 1939 ejus
1957 1855 2233 1939 partibus
2266 1854 2531 1938 cognitis
2552 1899 2573 1927 ‚
2616 1874 2714 1916 to-

1497 1959 1572 2006 ta
1606 1941 1699 2005 vis
1733 1940 1849 2004 erit
1884 1938 2176 2021 simplicis
2206 1936 2533 2001 honestatis
2566 1957 2716 1999 con-

1503 2023 1853 2097 fide-tanda,
1898 2044 1955 2089 2.
1996 2024 2162 2085 Rhet.
2227 2023 2519 2102 nusquam
2552 2017 2718 2082 enim

1499 2125 1640 2171 tam
1660 2106 1947 2189 quaeritur
1969 2148 1989 2178 ,
2036 2104 2212 2187 quale
2232 2103 2300 2166 fit
2321 2123 2502 2186 genus
2519 2102 2719 2185 ipsum

1507 2189 1594 2252 rei
1643 2192 1767 2272 (hoc
1798 2189 1865 2270 cst
1883 2233 1906 2262 ,
1950 2205 2076 2250 tota
2108 2186 2349 2273 effentia.
2376 2234 2391 2248 .
2420 2232 2434 2247 .
2465 2197 2482 2263 )
2546 2185 2587 2248 fi
2623 2204 2722 2247 to-

1506 2289 1575 2335 ta
1632 2294 1722 2335 res
1776 2270 2063 2354 quaeritur
2100 2317 2120 2345 ,
2182 2268 2532 2333 definitione
2591 2269 2724 2331 uni-

1504 2357 1676 2419 versa
1709 2354 1799 2418 vis
1831 2352 2196 2436 explicanda
2213 2352 2316 2417 est.
2343 2401 2359 2417 .
2384 2400 2398 2416 .
2447 2349 2726 2437 quaedam

1509 2455 1713 2502 autem
1764 2440 2077 2502 causarum
2116 2457 2333 2521 genera
2366 2434 2727 2519 {impliciter

1513 2525 1582 2585 &
1617 2544 1689 2585 ex
1724 2523 1822 2584 sua
1864 2521 1924 2586 vi
1961 2521 2428 2585 considerantur.
2455 2565 2468 2579 .
2495 2566 2509 2581 .
2571 2540 2726 2584 nunc

1509 2602 1794 2687 deinceps
1836 2603 2328 2668 ratiocinationis
2366 2603 2493 2666 vim
2534 2606 2729 2667 &na-

1511 2705 1719 2752 turam
1755 2685 2208 2751 confideremus.
2252 2735 2267 2749 .
2310 2734 2326 2750 .
2386 2706 2488 2750 aut
2522 2708 2592 2749 ex
2622 2688 2727 2750 suti

1513 2770 1579 2833 vi
1619 2791 1798 2855 atque
1838 2771 2050 2834 naturai
2086 2816 2108 2845 ,
2169 2790 2272 2833 aut
2323 2768 2534 2834 assumi
2580 2768 2733 2834 foris

1516 2857 1646 2918 ἃς.
1709 2877 1780 2918 ex
1817 2855 1916 2917 suii
1952 2853 2013 2914 vi
2060 2899 2080 2928 ,
2142 2852 2289 2918 cum
2325 2858 2450 2917 &c.
2480 2899 2495 2914 .
2520 2899 2535 2915 .
2583 2852 2733 2916 defi-

1511 2935 1674 3002 nitio
1713 2936 1793 3003 est
1836 2935 2042 3001 oratio
2077 2983 2097 3013 ‚
2160 2958 2286 3021 quae
2326 2935 2389 2998 id
2426 2935 2592 3021 quod
2629 2935 2733 3003 de-

1517 3020 1726 3086 finitur
1748 3069 1766 3096 ‚
1808 3020 2082 3105 explicat
2101 3066 2122 3096 ,
2167 3021 2312 3105 quid
2350 3022 2442 3084 fit.
2471 3069 2485 3083 .
2511 3068 2525 3082 .
2601 3042 2729 3104 quae

1563 3105 1665 3168 uid
1699 3106 1768 3169 fit
1802 3104 1868 3166 id
1892 3151 1910 3178 ‚
1952 3103 2025 3167 de
2062 3126 2182 3186 quo
2218 3105 2422 3187 agitur
2445 3149 2464 3177 ,
2533 3103 2730 3169 osten-

1505 3125 1614 3249 dit
1646 3190 1829 3270 quam
1863 3187 2226 3250 brevissime.
2269 3233 2285 3249 .
2327 3232 2342 3247 .
2405 3186 2551 3250 cum
2588 3189 2734 3271 quid

1525 3269 1789 3351 quidque
1823 3268 1891 3331 fit
1917 3314 1936 3342 ,
1980 3270 2271 3362 aperitur.
2300 3315 2315 3331 .
2342 3316 2357 3330 .
2404 3290 2468 3333 ut
2504 3269 2599 3332 vis
2614 3272 2735 3350 ejus

1524 3350 1610 3414 rei
1648 3373 1832 3436 quam
1867 3351 2186 3416 definimus
2222 3397 2243 3427 ,
2302 3350 2379 3416 fic
2425 3352 2734 3435 exprima-

1511 3452 1665 3515 tur,
1708 3455 1773 3498 ut
1808 3456 1993 3527 neque
2028 3435 2174 3509 absit
2212 3434 2545 3528 quidquam
2569 3482 2589 3510 ,
2635 3460 2737 3502 ne-

1528 3538 1641 3664 3oe
1680 3521 1945 3613 supersit.
1988 3565 2004 3582 .
2047 3567 2063 3581 .
2128 3541 2256 3606 quae
2291 3540 2456 3583 emm
2491 3519 2736 3587 istarum

1573 3603 1953 3689 efinitionum
2003 3625 2124 3667 non
2179 3603 2379 3684 aperit
2422 3604 2737 3669 notionem

1525 3686 1795 3750 nostram
1830 3733 1852 3764 ,
1939 3707 2124 3769 quam
2185 3686 2473 3753 habemus
2531 3708 2739 3750 omnes

1533 3775 1663 3832 δίς.
1693 3816 1707 3831 .
1733 3817 1747 3831 .
1811 3770 2017 3852 suapte
2049 3771 2285 3834 natura.
2310 3819 2327 3837 ,
2352 3818 2366 3833 .
2429 3769 2638 3851 [ιιὲὶρῑε
2674 3770 2736 3831 vi

1534 3854 1606 3916 δί
1657 3855 1945 3919 natura...
2003 3875 2073 3927 ex
2109 3855 2205 3918 sui
2243 3854 2306 3916 vi
2346 3873 2527 3936 atque
2562 3872 2740 3926 natu-

1531 3938 1622 3999 rz'i.
1663 3982 1679 3998 .
1722 3983 1737 3997 .
1782 3936 1979 4019 ipsam
2028 3959 2100 4007 ex
2159 3937 2219 3999 vi
2275 3938 2374 4003 sust
2413 3936 2625 3999 natura
2671 3958 2743 4004 ue

1533 4024 1664 4085 ὅτε.
1708 4066 1723 4082 .
1764 4065 1779 4081 .
1859 4042 1984 4105 quae
2019 4042 2342 4091 nervorum
2380 4039 2595 4087 natura
2651 4039 2700 4081 it
2723 4065 2742 4094 ,

1531 4125 1665 4188 quae
1701 4126 2008 4168 venarum.
2033 4152 2048 4167 .
2074 4152 2089 4167 .
2127 4103 2341 4168 ordine
2360 4125 2587 4168 naturae
2611 4125 2739 4173 cer-

1519 4192 1596 4275 τ1ῑέ
1635 4189 1828 4273 prior.
1855 4235 1869 4251 .
1897 4236 1912 4252 .
1958 4209 2156 4253 motus
2189 4187 2565 4252 voluntarius
2600 4209 2738 4252 eam

1513 4296 1814 4357 enaturam
1847 4272 1911 4336 in
1943 4276 2001 4340 se
2035 4273 2160 4360 ipse
2185 4271 2467 4347 ¹continet
2488 4314 2511 4346 ,
2562 4289 2630 4334 ut
2667 4268 2737 4337 fit

1565 3668 1570 3677 d·

1808 652 2289 732 LEXICON
2335 645 3219 730 PHILOSOPHICUM.
3360 647 3524 722 ET.
3569 648 3732 726 EV.

2844 763 2910 826 in
2944 762 3144 826 nostrii
3184 761 3477 843 potestate
3514 762 3810 848 nobisque
3848 788 4066 852 pareat

2848 853 2975 912 ὅτε.
3003 893 3019 909 .
3044 892 3060 908 .
3120 846 3250 910 acie
3290 847 3512 910 mentis
3544 868 3750 911 rerum
3786 856 4067 920 omnium

2849 932 2978 993 vim
3006 947 3408 1021 naturamque
3442 930 3667 1023 videre.
3696 981 3709 996 .
3738 981 3754 996 .
3817 936 3948 1003 haec
3981 940 4066 1004 est

2845 1035 3065 1079 natura
3108 1033 3364 1096 propria
3419 1034 3639 1078 amma:
3697 1037 3880 1102 atque
3931 1022 4065 1097 vis,

2846 1120 2913 1161 ut
2952 1098 3083 1181 ipsa
3121 1098 3155 1160 a
3192 1099 3248 1160 fe
3288 1096 3418 1179 ipsii
3442 1118 3781 1164 moveatur.
3808 1150 3823 1166 .
3848 1151 3863 1167 .
3912 1127 4067 1190 quo-

2844 1182 3018 1246 niam
3076 1184 3179 1246 sua
3211 1181 3487 1264 cujusque
3523 1182 3852 1251 animantis
3887 1199 4072 1254 natu-2

2855 1286 2925 1328 ra
2957 1264 3061 1327 est.
3088 1311 3102 1327 .
3128 1311 3143 1325 .
3188 1286 3260 1326 ex
3299 1283 3561 1347 quatuor
3596 1287 3797 1330 autem
3832 1271 4072 1336 locisin

2898 1369 3005 1411 uos
3043 1344 3272 1411 honesti
3309 1366 3594 1412 naturam
3626 1349 3871 1435 vimque
3910 1355 4073 1420 divi-

2879 1453 3032 1495 1mus
3051 1476 3071 1505 ‚
3118 1451 3174 1495 1.
3213 1431 3327 1516 Offi

3339 1519 3437 1598 qui
3461 1517 3532 1577 de
3570 1520 3811 1580 moribus
3844 1518 4079 1604 d{ffer·it.

2861 1598 3117 1663 vitanda
3162 1597 3243 1663 est
3295 1600 3601 1662 minorum
3636 1601 4079 1685 ethologorum

2862 1681 3241 1757 similitude,
3287 1687 3611 1748 2.de0rat.
3637 1703 3777 1758 244-

2782 1764 3189 1849 Etymologia
3224 1811 3245 1839 ‚
3305 1771 3519 1831 notatio
3579 1773 3813 1831 nominis
3846 1798 3868 1832 .·
3928 1773 4083 1836 verbi

2864 1855 2948 1912 vis
2981 1849 3058 1918 ἐφ’
3086 1856 3490 1932 interpretatio.
3540 1850 3866 1915 verborum
3879 1878 3951 1932 ex
4002 1857 4082 1918 li-

2866 1934 3076 2008 catio,
3143 1935 3262 2017 qui
3301 1931 3373 1998 de
3408 1935 3585 1998 caussa
3622 1956 3869 2019 quaeque
3900 1962 3933 2002 e
3981 1958 4086 2004 ent

2867 2014 2957 2080 ita
2992 2017 3310 2081 nominata
3330 2062 3352 2091 ‚
3413 2037 3598 2100 quam
3630 2019 4089 2107 etymologiam

2867 2100 3305 2191 appellabant,
3354 2117 3407 2164 1.
3430 2103 3603 2163 Acad.
3632 2121 3726 2184 32.
3771 2107 4087 2188 etymolo-

2862 2200 2971 2275 gia
2989 2229 3012 2259 ,
3056 2182 3121 2249 id
3155 2183 3276 2259 est,
3322 2185 3571 2248 verbum
3603 2208 3678 2250 ex
3712 2188 3940 2265 verbo,
3982 2212 4086 2255 ve·

2870 2264 3221 2361 riloquium.
3310 2271 3419 2331 n‘os
3473 2289 3678 2334 autem
3738 2274 4090 2341 novitatem

2870 2352 3040 2413 verbi
3074 2373 3197 2414 non
3231 2352 3376 2416 satis
3409 2353 3545 2434 apti
3583 2352 3919 2438 fugientes,
3983 2380 4089 2443 ge—

2875 2455 2980 2498 nus
3049 2435 3171 2498 hoc
3231 2435 3613 2501 notationem
3662 2440 4092 2521 appellatum,

2877 2516 3020 2600 quia
3038 2520 3168 2582 sunt
3192 2521 3373 2584 verba
3394 2542 3594 2584 rerum
3614 2542 3772 2585 nota·
3795 2568 3815 2595 ,
3850 2528 3978 2609 Top.
3992 2545 4086 2608 35.

2798 2599 3051 2692 Evacuo
3072 2647 3094 2676 ‚
3139 2625 3276 2668 are:
3318 2604 3654 2678 exhaurio,
3698 2628 3956 2672 vacuum
3993 2608 4089 2674 fa-

2881 2703 3022 2776 ςιο,
3068 2686 3313 2763 inanio‚
3358 2686 3582 2751 nudum
3620 2689 3980 2777 inanemque
4000 2714 4090 2758 re-

2888 2766 3120 2852 linquo,
3145 2818 3160 2832 .
3188 2820 3203 2834 .

2802 2854 2840 2896 *
2864 2853 3118 2936 Evagino
3140 2899 3160 2929 ,
3200 2880 3307 2920 as:
3347 2856 3543 2921 educo
3561 2902 3582 2930 ‚
3627 2854 3945 2943 distringo.

2802 2932 3162 3019 Evangelia,
3176 2946 3400 3024 premia
3420 2985 3443 3016 ,
3482 2962 3597 3024 quae
3612 2944 3891 3005 dabantur
3907 2947 3970 3007 ob
3981 2946 4089 3028 ju·

2880 3023 3113 3083 cundum
3148 3030 3403 3087 nuntium
3444 3070 3467 3100 ,
3507 3028 3792 3108 jucundus
3839 3034 4092 3092 nuncius.

2891 3104 3008 3175 (V.
3054 3109 3225 3199 App.)
3416 3172 3423 3177 .

2804 3182 3175 3262 Eventum‚1.
3215 3211 3413 3254 rerum
3429 3211 3717 3260 eventa...
3769 3195 3889 3276 (V.
3918 3197 4084 3280 App.)

2802 3266 3109 3421 Ev(e{¹7tu⁵'
3154 3276 3259 3336 fis:
3304 3293 3557 3337 eventum
3584 3319 3606 3350 ,
3647 3281 3833 3341 exitus
3852 3325 3874 3353 ,
3916 3282 4091 3363 cafies.

2803 3372 3171 3514 Evidentigp,
3219 3462 3302 3503 τε
3336 3440 3719 3525 perspicuitas.
3774 3448 3865 3518 (V.
3890 3464 4012 3529 cap.
4035 3473 4093 3530 9.

2887 3526 2945 3588 5.
2984 3534 3054 3583 5,
3124 3527 3187 3585 de
3248 3527 3634 3609 perspicuitate
3693 3525 3771 3595 (θ’
3821 3533 4096 3595 evidenti&

2878 3618 3174 3697 Bag-,770

2806 3681 3131 3764 Eva-atio,
3174 3691 3343 3755 onis:
3387 3690 3745 3757 declinatio.

2805 3771 2841 3811 *
2862 3769 3078 3834 Exaffi'
3113 3803 3133 3835 .·
3195 3776 3289 3847 vel
3323 3776 3594 3840 exafflus
3628 3776 3866 3860 aliquid
3899 3778 4102 3845 dicere

2888 3853 2983 3913 vel
3020 3850 3256 3922 facere:
3301 3860 3588 3924 accurate
3618 3904 3646 3933 ,
3708 3863 4097 3939 accuratim,

2888 3936 3228 4029 subtiliter,
3271 3942 3527 4019 limate,
3567 3943 3881 4027 exquisite.

2794 4019 3070 4087 ‚Exaeho
3109 4069 3151 4101 „
3180 4026 3360 4089 onis:
3396 4028 3616 4111 penfio,
3656 4029 3971 4106 tributum,
3994 4032 4100 4124 sti-

2873 4107 3133 4186 pendium
3171 4155 3192 4183 ,
3244 4111 3505 4193 expulsio.
3576 4116 3598 4195 (
3624 4111 3710 4173 V.
3749 4115 3939 4197 App.)
3990 4115 4105 4179 1112

2850 4189 3266 4257 ‘acerbissima
3317 4193 3555 4258 exactio
3606 4195 3883 4278 capitum
3919 4218 4105 4281 atque

2808 4366 2813 4371 1
2884 4270 3177 4355 ostiorum
3195 4320 3219 4354 ,
3261 4279 3354 4347 lib.
3381 4298 3438 4365 3.
3474 4280 3620 4367 epist.
3645 4285 3700 4347 8.
3760 4354 3773 4361 ι
3921 4361 3979 4428 E

3980 4382 4110 4430 xae-
