4585 5992
1048 594 2145 703 PHILosoPmcUM.
2336 629 2573 709 cir.
2637 626 2793 705 lx.
3128 588 3235 704 ἐἰ

587 758 919 817 aeternum
949 736 1068 830 fit,
1119 740 1377 814 necess‘e
1412 741 1532 814 est.
1581 766 1706 816 nec
1738 739 1906 816 vero
1943 738 2135 817 Deus
2187 740 2372 840 ipse,
2423 742 2545 841 qui
2576 739 2978 842 intelligitur
3022 740 3062 816 ἃ
3109 748 3256 817 no-³'‘

586 838 730 931 bis,
778 841 912 913 alio
945 839 1160 911 modo
1176 837 1465 939 intelligi
1497 840 1751 937 potest,
1785 838 1905 913 nifi
1929 866 2122 914 mens
2141 840 2356 913 soluta
2371 839 2684 938 quaedam
2727 840 2802 911 &
2840 837 3053 912 libera
3075 896 3098 929 ‚
3135 841 3238 914 se·-

582 957 855 1039 gregata
899 934 985 1008 ab
1030 936 1222 1009 omni
1270 937 1700 1009 concretione
1732 939 2002 1012 mortali
2047 939 2181 1011 δίε.
2211 936 2286 1005 de
2323 935 2625 1033 Consolat.
2670 937 2744 1009 δί
2804 962 2862 1007 ι.
2906 930 3080 1030 Tuft.
3111 937 3240 1011 66.·

674 1036 759 1106 ln
816 1032 1021 1107 animi
1053 1054 1278 1106 autern
1324 1033 1712 1134 cognitione
1771 1033 2079 1108 dubitare
2132 1058 2276 1107 non
2323 1034 2709 1130 possumus,
2756 1030 2878 1105 nisi
2961 1029 3114 1106 lane
3161 1031 3236 1107 in

478 1208 485 1215 N
579 1128 874 1231 physicis
895 1129 1537 1227 plumbei‘sumus‚'
1604 1130 1907 1205 uinnihil
1937 1130 2017 1205 fit
2052 1131 2291 1205 animis
2309 1132 2731 1221 admixtum,
2765 1130 2907 1202 nihi
2955 1153 3233 1202 concre-

578 1229 938 1318 tum,nihil
957 1229 1353 1323 copulatum
1378 1284 1401 1317 ,
1435 1156 1609 1300 nihil
1628 1249 2175 1330 coagmentatum
2196 1279 2221 1319 ,
2244 1230 2416 1302 nihil
2444 1231 2537 1302 du
2591 1230 2721 1301 lex.
2739 1227 2928 1325 quod
2946 1224 3108 1299 cum
3128 1222 3239 1319 fit,

580 1324 762 1399 certe
805 1349 933 1397 nec
975 1323 1261 1411 secerni,
1302 1328 1427 1395 nec
1468 1324 1730 1416 dividi,
1777 1350 1903 1399 nec
1931 1324 2257 1426 discerpi,
2310 1352 2434 1399 nec
2469 1327 2538 1400 di
2601 1324 2744 1398 rahi
2795 1323 3057 1422 potest,
3102 1339 3232 1398 nec

581 1421 851 1495 interire
882 1418 1115 1517 igitur.
1143 1417 1238 1487 est
1273 1419 1455 1489 enirn
1493 1420 1797 1494 interitus
1825 1423 2012 1519 quasi
2055 1423 2363 1503 discess'us
2384 1424 2457 1495 ἐξ
2494 1421 2764 1496 secretio
2790 1447 2866 1495 ac
2902 1421 3242 1494 diremtus

582 1540 820 1587 earum
863 1512 1199 1611 partium,
1242 1533 1398 1607 quae
1442 1534 1596 1583 ante
1629 1515 1973 1590 interitum
2010 1519 2367 1617 junffione
2403 1520 2628 1616 aliqua
2662 1517 3109 1608 tenebantur,
3162 1540 3227 1592 1.

584 1608 773 1705 Tusc.
802 1632 918 1705 7¹·
970 1605 1326 1681 audiebam
1361 1607 1821 1704 Pythagoram
1846 1614 2449 1711 Pythagoreosque
2484 1639 2839 1711 nunquam
2859 1612 3186 1687 dubitass‘e
3209 1664 3241 1707 ς

578 1708 749 1800 quin
786 1729 874 1775 ex
912 1703 1227 1776 universa
1256 1722 1482 1775 mente
1518 1703 1752 1776 divina
1805 1705 2132 1779 delibatos
2173 1711 2434 1781 animos
2488 1710 2908 1782 haberemus,
2943 1709 3231 1781 demon-

573 1799 959 1874 strabantur
976 1797 1148 1869 mihi
1191 1819 1544 1892 praeterea,
1590 1823 1746 1896 quae
1780 1803 2082 1876 Socrates
2120 1805 2438 1901 supremo
2467 1805 2626 1875 vitae
2679 1805 2785 1876 die
2825 1804 2911 1875 de
2950 1806 3240 1877 immor·

577 1897 827 1972 talitate
856 1894 1261 1970 animorum·
1287 1892 1715 1977 differuiss‘et,
1753 1896 1841 1985 is,
1891 1898 2012 1993 qui
2048 1900 2205 1971 efl'et
2239 1897 2744 1995 sapientissimus
2806 1901 3084 1972 oraculo
3131 1902 3236 1991 Af

577 1993 848 2093 pollinis
870 1992 1235 2091 judicatus.
1275 1988 1445 2086 quid
1477 1991 1737 2063 multa?
1787 1991 1880 2062 fic
1915 1991 2083 2063 mihi
2123 1990 2444 2090 persuasi,
2487 1994 2578 2066 sic
2603 1993 2855 2083 sentio,
2895 1992 3058 2069 cum
3082 2016 3235 2071 tan·¹

574 2113 642 2165 ta
672 2091 971 2165 celeritas
1006 2088 1392 2161 animorum
1435 2085 1552 2177 fit,
1598 2106 1780 2161 tanta
1834 2087 2162 2162 memoria
2217 2088 2752 2184 praeteritorum,
2799 2089 3238 2165 futurorum-

578 2214 712 2286 que
741 2186 1134 2285 prudentia,
1175 2203 1278 2258 tot
1298 2182 1469 2258 'artes
1491 2243 1514 2276 ,
1559 2204 1760 2257 tantae
1792 2182 2076 2259 scientiae
2097 2242 2119 2275 ,
2167 2203 2270 2257 tot
2319 2185 2589 2259 inventa
2612 2243 2635 2278 ,
2678 2212 2819 2259 non
2859 2187 3044 2283 posse
3076 2213 3232 2263 eam

578 2305 887 2358 naturam
912 2341 933 2374 ,
979 2306 1137 2377 quae
1177 2306 1279 2354 res
1319 2306 1425 2354 eas
1461 2281 1844 2371 contineat,
1888 2282 2016 2355 ess'e
2047 2281 2424 2355 mortalem.
2469 2282 2780 2380 cumque·
2816 2283 3236 2383 semperagi«

578 2401 757 2455 tetur
784 2380 1091 2469 animus,
1139 2402 1265 2449 nec
1300 2379 1710 2475 principium
1763 2378 1990 2451 motus
2045 2377 2538 2475 habeathquia
2603 2382 2666 2451 se
2718 2379 2852 2475 ipse
2906 2402 3235 2474 moveat,

580 2504 667 2550 ne
697 2477 905 2549 finem
947 2476 1228 2573 quidem
1268 2473 1657 2548 habiturum
1688 2476 1818 2549 effe
1858 2472 2133 2567 motfis,
2177 2476 2337 2573 quia
2372 2476 2435 2548 se
2469 2501 2608 2547 nun
2663 2501 2820 2549 uam
2865 2475 3002 2574 ipse
3021 2477 3099 2551 sit
3125 2504 3226 2552 re-

576 2575 862 2649 licturus
893 2600 908 2645 ε
960 2576 1033 2646 ὃ(
1067 2570 1229 2645 ςὺηι
1272 2570 1557 2669 simplex
1599 2573 1804 2645 animi
1830 2595 2062 2646 natura
2091 2572 2285 2662 ess'et,
2316 2572 2635 2670 nequeba
2723 2596 2820 2647 ret
2855 2575 2924 2646 in
2942 2576 3007 2648 se
3027 2578 3264 2674 quid-2

673 2698 779 2745 am
821 2670 1185 2744 admistum
1227 2668 1447 2765 dispar
1483 2670 1802 2767 suiatque
1820 2668 2164 2757 dissimile,
2211 2695 2350 2741 non
2386 2672 2570 2768 poss'e
2600 2694 2758 2742 cum
2778 2667 3236 2770 dividi.quod'

576 2697 787 2842 {innon
808 2766 1042 2865 posfit,
1088 2791 1225 2839 non
1248 2767 1432 2865 posse
1470 2768 1737 2841 interire
1779 2767 1911 2838 ἃς.
1938 2766 2423 2861 haec'Platonis
2466 2765 2617 2839 sunt
2660 2766 2798 2841 fere
2823 2824 2845 2858 ,
2888 2768 2963 2837 de
2987 2771 3223 2844 Seneca

576 2866 694 2959 78.
748 2866 918 2937 mih-i
960 2864 1235 2961 quidem
1279 2887 1626 2959 nunquam
1674 2862 2055 2958 persuaderi
2094 2863 2319 2960 potuit
2349 2910 2374 2950 ,
2436 2864 2697 2935 animos
2749 2864 2917 2935 dum
2956 2866 3024 2939 in
3069 2893 3234 2942 cor-

576 2961 856 3059 poribus
898 2964 1101 3033 essent
1150 2959 1585 3047 mortalibus,
1630 2961 1884 3029 vivere.
1937 2954 2100 3030 ciim
2159 2956 2439 3030 exiss'ent
2488 2978 2581 3027 ex
2634 2959 2748 3045 iis,
2795 2964 3058 3035 emori:
3100 2991 3234 3041 nec

579 3060 746 3130 vero
787 3079 935 3128 tum
972 3058 1275 3127 animum
1314 3055 1441 3124 ess'e
1478 3053 1894 3146 insipientem
1923 3107 1943 3142 ‚
1994 3052 2155 3124 ciim
2209 3077 2295 3123 ex
2353 3048 2685 3145 insipienti
2735 3077 3020 3148 corpore
3069 3084 3266 3146 eva-r,

579 3152 792 3226 sisset:
847 3153 955 3225 sed
1001 3148 1161 3222 ciim
1212 3148 1407 3221 omni
1441 3149 1858 3221 admixtione
1905 3148 2208 3246 corporis
2264 3146 2624 3237 liberatus,
2670 3174 2882 3244 purus
2926 3151 3003 3225 ὃς
3057 3153 3238 3228 inte«

578 3275 700 3348 ger
727 3251 856 3323 esse
894 3247 1259 3343 coepiffet,‘
1285 3265 1437 3317 tum
1479 3246 1606 3319 esse
1642 3245 2018 3344 sapientem.
2061 3265 2263 3342 atque
2301 3244 2502 3317 etiam
2525 3303 2545 3333 ‚
2590 3244 2751 3316 ciim
2800 3245 3092 3321 hominis
3116 3276 3246 3327 nae

576 3368 724 3421 tura
763 3366 983 3418 morte
1022 3343 1448 3430 dislolvitur,
1500 3363 1892 3418 caeterarum
1924 3367 2149 3415 rerum
2192 3341 2620 3441 perspicuum
2658 3342 2754 3414 est
2787 3392 2812 3431 ‚
2862 3342 3007 3453 quo
3038 3371 3228 3445 quaea

577 3470 713 3539 que
746 3441 1102 3516 discedant.
1143 3438 1392 3512 abeunt
1415 3442 1596 3512 enim
1627 3438 1793 3511 illuc
1830 3441 2099 3528 omnia,
2173 3437 2358 3511 unde
2399 3462 2547 3511 orta
2585 3439 2759 3510 sunt.
2804 3465 3069 3516 animus
3107 3472 3240 3521 aue

576 3561 712 3614 tem
756 3539 972 3626 solu8‚
1019 3563 1144 3609 nec
1203 3537 1365 3610 ciim
1410 3536 1633 3624 adest,
1686 3559 1809 3606 nec
1845 3533 2025 3622 cum,
2069 3535 2347 3607 discedit
2387 3591 2409 3623 ,
2452 3555 2723 3631 apparet
2758 3584 2782 3624 ,
2847 3536 3072 3609 ibidem
3110 3539 3238 3618 80,

575 3664 711 3746 ego
747 3637 1001 3710 vestros
1030 3638 1260 3706 Patres
1292 3689 1313 3722 ‚
1361 3633 1540 3706 viros
1575 3628 2001 3722 clariffimoS,
2046 3634 2277 3704 vivere
2308 3629 2635 3718 arbitror3
2689 3633 2922 3705 &cam
2948 3639 3242 3732 quidem.

576 3756 822 3825 v1tam,
866 3752 1032 3829 quae'
1067 3731 1159 3802 est
1195 3730 1325 3801 sola
1355 3730 1493 3801 vita
1551 3729 1982 3801 nominanda.
2046 3741 2200 3800 nam
2247 3730 2415 3800 dum
2475 3726 2700 3800 sumus
2733 3731 2810 3802 in
2844 3729 2958 3804 his.
2986 3735 3242 3811 inclusi*

577 3831 1021 3929 compagibus
1082 3826 1386 3923 corporis
1415 3882 1436 3914 ,
1501 3847 1782 3898 munere
1840 3826 2140 3923 quodam
2197 3823 2582 3898 necessitatis
2647 3826 2720 3897 δί
2772 3829 2980 3927 gravi·
3023 3856 3246 3932 opere<

578 3927 1070 4025 perfungimur.
1115 3924 1210 3996 est
1242 3924 1424 3994 enim
1456 3923 1718 3994 animus
1742 3924 2032 3995 coelestis
2085 3947 2171 3995 ex
2214 3921 2527 3996 altissimo
2582 3920 2931 3998 domicilio
2964 3930 3244 4026 depress·

577 4024 687 4095 sus
723 4025 793 4094 ὃς
823 4021 1004 4117 quasi
1040 4019 1379 4092 demersus
1417 4019 1491 4092 in
1520 4033 1761 4118 terram
1788 4072 1807 4106 ,
1859 4020 2087 4091 locum
2147 4018 2399 4091 divina:
2443 4041 2700 4093 naturae
2741 4025 3252 4126 aetcrnitatique'

575 4123 1011 4192 contrarium.
1053 4118 1159 4190 sed
1196 4119 1398 4188 credo
1433 4116 1593 4187 deos
1634 4117 2047 4190 immortales
2078 4115 2367 4214 sparfifl'e
2402 4118 2662 4190 animos
2696 4116 2765 4189 in
2803 4144 3087 4218 corpora
3102 4126 3250 4198 hue

577 4240 823 4305 mana,
867 4231 954 4285 ut
996 4213 1277 4305 essent,
1302 4213 1431 4309 qui
1477 4231 1693 4288 terras·
1731 4233 2077 4289 tuerentur
2102 4215 2433 4384 ἰ..ἰεῃιὶεῃιε
2484 4213 2868 4289 coelestium
2899 4219 3268 4293 ordinem»

2237 4329 2273 4403 3
2992 4383 3000 4388 ,
3055 4338 3234 4389 cot»-
