4585 5992
1228 682 1444 789 5116.
2124 665 3146 746 LExicoN

1270 809 1497 892 nitur,
1546 817 1618 895 5.
1657 794 1734 869 de
1770 788 1908 866 fin.
1945 795 2062 889 67.
2096 788 2552 884 temperantia
2590 786 2849 860 constat
2888 811 2974 859 ex
3010 781 3587 883 praetermittendis
3610 782 3932 883 voluptrii?

1273 901 1498 987 tibus,
1553 916 1615 991 3.
1650 895 1725 964 de
1757 894 1933 962 Nat.
1977 887 2085 987 38.
2131 885 2569 983 temperantia
2602 884 2700 958 est
2738 883 3151 957 moderatrix
3174 882 3486 955 omnium
3524 887 3942 961 commoti&

1276 1020 1448 1071 num
1469 1049 1489 1078 ,
1543 1013 1615 1086 5.
1648 986 1834 1086 Tusc.
1863 1008 1982 1085 42.
2030 983 2356 1057 modestia
2389 983 2500 1056 vel
2533 981 3011 1076 temperantia,
3062 1004 3218 1076 quae
3256 980 3351 1052 est
3397 980 3769 1056 moderatio
3812 1008 3944 1057 cu·-

1278 1092 1689 1192 piditatum,
1733 1084 1974 1160 rationi
2019 1079 2378 1169 obediens,
2423 1102 2495 1151 2.
2533 1078 2606 1145 de
2639 1081 2778 1146 Fin.
2818 1076 2935 1148 60.
2985 1100 3270 1172 eamque
3323 1074 3644 1150 virtutem
3699 1098 3936 1176 coeogo-

1281 1190 1445 1267 eifum
1485 1204 1780 1270 vocant3
1826 1205 2034 1280 quam
2068 1175 2247 1250 soleo
2281 1174 2598 1272 equidem
2636 1193 2786 1245 tum
2822 1172 3330 1269 temperantiam
3372 1228 3394 1262 ,
3439 1193 3587 1245 tum
3629 1177 3938 1256 moderaz-

1280 1286 1540 1361 tionem
1595 1281 1928 1377 appellare
1964 1335 1986 1369 ‚
2030 1296 2527 1370 nonnunquam
2571 1270 2770 1343 etiam
2811 1270 3232 1341 modestiam.
3289 1269 3398 1339 sed
3441 1270 3621 1341 haud
3667 1272 3802 1343 scio
3852 1300 3942 1348 an·

1282 1379 1468 1455 ιτᾶὲ
1513 1404 1589 1452 ea
1629 1379 1846 1451 virtus
1905 1372 2248 1472 frugalitas
2301 1367 2636 1464 appellari·
2665 1363 2858 1459 poffit
2899 1418 2920 1450 ‚
2996 1383 3058 1456 3.
3095 1360 3282 1456 Tuft.
3340 1371 3446 1432 16.
3500 1371 3943 1459 temperantia

1280 1479 1425 1569 est,
1468 1500 1626 1574 quae
1656 1474 1728 1547 in
1769 1473 1967 1546 rebus
2015 1489 2131 1541 aut
2182 1462 2571 1561 expetendis
2621 1480 2739 1533 aut
2794 1456 3179 1551 fugiendis,
3225 1455 3549 1527 rationem
3603 1476 3683 1529 ut
3711 1459 3951 1558 sequa-

1285 1599 1445 1649 mur
1472 1631 1496 1664 ‚
1539 1590 1816 1660 monet,
1869 1595 1930 1641 1.
1971 1566 2044 1635 de
2073 1565 2218 1634 Fin.
2256 1583 2376 1657 47.
2426 1558 2627 1631 restat
2668 1571 2902 1650 quarta
2927 1574 3129 1655 pam,
3174 1573 3332 1657 quae
3363 1550 3657 1642 decore,
3704 1560 3942 1633 mode.

1285 1671 1583 1757 ratione,
1628 1663 1956 1739 modestia
1987 1719 2010 1753 ,
2056 1655 2468 1733 continentia
2491 1709 2513 1743 ,
2545 1646 2986 1744 temperanti-51
3020 1663 3440 1737 continetur,
3493 1668 3550 1744 3.
3585 1649 3718 1742 Off.
3772 1659 3937 1733 116.

1288 1763 1725 1858 temperantia
1761 1760 1858 1832 est
1898 1751 2273 1852 expetenda
2305 1773 2447 1825 non
2485 1745 2645 1844 quia
2691 1743 3069 1837 voluptates
3112 1740 3338 1843 fugiat·
3369 1798 3387 1824 ,
3451 1744 3560 1818 sed
3605 1748 3760 1844 quia
3797 1776 3940 1827 ma.

1277 1863 1463 1960 jores
1480 1856 1928 1954 consequatur
1947 1911 1969 1943 ,
2016 1847 2359 1942 (inquiebat
2388 1846 2756 1937 Epicurus)-
2807 1862 2838 1909 1
2854 1892 2870 1911 .
2902 1837 2976 1907 de
3006 1844 3142 1910 Pin.
3178 1839 3298 1939 48.
3350 1842 3653 1925 (luxuria
3670 1891 3702 1931 ‚
3727 1845 3950 1944 libido,

1284 1958 1651 2047 immanitas
1668 2010 1689 2044 ,
1733 1950 2157 2042 temperantia·
2186 1945 2626 2036 opponuntur.)
2901 1954 2904 1959 ·

1381 2051 1591 2125 Nihil
1628 2050 1772 2138 est,
1815 2042 2259 2130 mihicrede,
2311 2039 2575 2136 virtute
2600 2034 2960 2109 formosius
2997 2094 3020 2128 ,
3087 2033 3256 2123 nihil
3343 2033 3644 2127 ulchrius
3685 2096 3708 2131 ,
3769 2040 3965 2120 m‘li'it'

1285 2145 1686 2234 amabilius,
1732 2166 1804 2225 9.
1848 2148 2028 2211 Fam.
2074 2160 2185 2234 14·
2232 2137 2448 2209 virtus
2480 2132 2577 2207 est
2608 2157 2727 2229 per
2759 2133 2822 2205 se
2855 2132 2991 2230 ipsa
3032 2131 3299 2205 laudabi
3329 2131 3383 2204 is
3418 2134 3493 2206 ὃ(
3532 2132 3670 2213 fine
3687 2142 3821 2236 qua
3837 2146 3946 2216 ω’-

1292 2246 1394 2319 hil
1426 2241 1683 2315 laudari
1716 2237 1975 2336 potest,
2022 2259 2091 2308 2.
2122 2233 2197 2304 de
2233 2234 2430 2303 Orat.
2567 2246 2630 2326 3·
2678 2228 3406 2321 veralausuni‘virtuti
3442 2229 3955 2326 debetur,ibid,.

1295 2361 1465 2438 342.
1511 2338 1729 2411 virtus
1772 2334 2031 2406 nullam
2060 2328 2453 2435 mercedem·
2503 2253 2800 2397 aliorum·
2831 2324 3429 2490 periculorumque
3467 2327 3741 2403 suorum
3775 2334 3964 2407 defi«

1295 2437 1485 2510 derat
1495 2452 1741 2543 praeter
1760 2432 1935 2504 hanc
1956 2426 2171 2502 laudis
2189 2427 2263 2499 86
2280 2425 2515 2523 gloriae
2531 2478 2552 2512 ,
2562 2440 2676 2511 pro
2697 2427 2833 2491 Arc
2882 2476 2897 2492 .
2919 2419 3039 2493 28.
3064 2422 3280 2520 rgnari
3295 2421 3461 2517 quid
3476 2426 3691 2500 virtus
3711 2431 3952 2521 valeat3

1297 2556 1455 2630 quae
1490 2556 1559 2603 in
1588 2526 1976 2624 tempestate
2005 2524 2230 2622 quieta
2268 2521 2364 2593 est
2400 2521 2474 2592 δε
2534 2519 2715 2591 lucet
2767 2516 2839 2588 in
2890 2516 3182 2590 tenebris
3213 2568 3240 2606 ,
3287 2519 3363 2589 &
3402 2520 3768 2613 pullaloco
3801 2552 3958 2603 ma«

1298 2647 1417 2700 net
1448 2646 1678 2699 tamen
1703 2644 1904 2720 atque
1936 2623 2146 2693 haeret
2182 2620 2251 2691 in
2292 2616 2503 2713 patria
2527 2668 2550 2701 ‚
2595 2612 3025 2711 splendetque
3062 2639 3181 2710 per
3221 2612 3349 2686 sest:
3386 2613 3644 2714 semper
3664 2678 3685 2712 ,
3736 2648 3859 2696 nec
3877 2652 3956 2699 212.-

1299 2721 1493 2803 lienis
1527 2745 1828 2819 unquam
1874 2716 2179 2790 sordibus
2214 2711 2600 2799 obsolescit,
2630 2729 2748 2801 pro
2795 2710 2950 2804 Sest.
2989 2712 3106 2783 60.
3151 2710 3203 2782 is
3237 2710 3456 2809 gloria
3496 2718 3793 2793 maxime
3829 2747 3963 2795 eit-⁴

1298 2819 1522 2908 cellit,
1568 2818 1690 2917 qui
1724 2816 1973 2889 virtute
2006 2806 2384 2910 plurimum
2423 2807 2744 2904 praestat,
2790 2826 2907 2897 pro
2935 2808 3051 2876 Pl.
3092 2814 3212 2878 60.
3264 2808 3476 2881 virtus
3536 2812 3703 2885 nihil
3760 2819 3970 2892 aliud*

1298 2915 1442 3007 est,
1539 2918 1702 2987 uam
1743 2913 1815 2985 in
1849 2912 1913 2984 se
1945 2905 2239 3009 perfeeta
2272 2908 2346 2979 δε
2380 2906 2464 2977 ad
2499 2901 2838 2977 summum
2881 2901 3210 3001 perdusta
3250 2923 3484 2978 natura
3516 2963 3537 2998 ‚
3599 2932 3655 2980 i.
3685 2912 3761 2982 de
3785 2916 3944 3011 Leg.

1301 3032 1419 3112 25.
1466 3037 1515 3123 g
1541 3011 1683 3084 oria
1717 3007 1814 3080 est
1847 3005 2115 3079 fruetus
2149 3001 2466 3089 virtutiS,
2522 3022 2582 3071 1.
2616 3000 2709 3071 P.
2749 3023 2815 3092 5.

1397 3107 1670 3181 Vitium
1701 3161 1724 3196 ,
1782 3100 2099 3176 vitiofitas
2131 3159 2152 3190 ‚
2193 3098 2480 3208 pravitas
2530 3096 2794 3186 animi,-
2821 3093 3001 3207 labes
3073 3099 3330 3191 animi,
3383 3099 3659 3175 morbus
3699 3111 3950 3206 animi,

1293 3204 1506 3282 'animi
1543 3202 1845 3300 pravitas·
1871 3200 1999 3271 vel·
2019 3196 2405 3270 deformitas
2427 3241 2453 3281 ‚
2499 3194 2630 3265 Cic.
2660 3217 2847 3265 omni
2896 3195 3142 3269 virtuti
3170 3198 3414 3270 vitium
3443 3205 3780 3278 contrario
3825 3229 3949 3281 no.

1296 3303 1489 3396 mine
1524 3294 1936 3390 opponitur,
1987 3311 2049 3388 3.
2099 3293 2175 3361 de
2209 3295 2348 3361 Pin.
2395 3306 2514 3385 39.
2559 3310 2788 3396 turpes
2829 3288 3127 3365 afflone-s
3169 3350 3191 3382 ,
3230 3319 3387 3391 quae
3422 3294 3736 3373 oriuntur
3772 3303 3813 3375 ὲ
3847 3308 3961 3379 vi-
4081 3289 4089 3297 ’

1298 3397 1410 3470 tiis
1433 3449 1456 3481 ,
1502 3414 1667 3488 quas
1686 3389 2146 3462 Graecinoextoec
2178 3387 2557 3552 apsellant,
2604 3402 2768 3457 vitia
2801 3388 2978 3460 malo
3013 3387 3226 3484 quam
3263 3391 3543 3464 malitias
3574 3399 3920 3475 nominare

1299 3490 1456 3563 ibid.
1494 3505 1755 3561 naturae
1779 3485 2075 3573 vitium,
2122 3504 2185 3555 ᾖ.
2276 3508 2310 3552 e
2334 3482 2572 3552 Divin.
2606 3480 2730 3574 96.-
2787 3506 3079 3581 namque
3128 3485 3225 3557 est
3274 3486 3406 3560 hoc
3442 3512 3809 3569 commune
3851 3460 3968 3571 vif

1302 3587 1477 3662 tium
1509 3587 1583 3659 &
1615 3581 2197 3688 pervulgatum...
2223 3632 2238 3649 .
2266 3632 2284 3651 .
2331 3575 2554 3652 delabi
2588 3574 2659 3646 in
2685 3577 2966 3675 aliquod
2999 3581 3246 3656 vitium
3279 3641 3301 3675 ,
3350 3608 3418 3658 z.
3449 3585 3534 3653 de*
3554 3588 3747 3662 Orat.
3785 3597 3954 3691 246.

1302 3681 1660 3778 concipere
1707 3679 1953 3753 vitium
1989 3732 2012 3767 ,
2124 3730 2140 3747 .
2181 3675 2256 3744 de
2286 3677 2442 3769 Leg.
2479 3690 2592 3768 32.
2642 3673 2878 3748 vitiosa
2913 3677 2988 3750 δε
3023 3676 3344 3780 flagitiosa
3379 3683 3518 3756 vita
3539 3741 3561 3776 ,
3602 3706 3670 3757 2..
3709 3686 3784 3757 de
3811 3694 3950 3762 fin.

1304 3799 1426 3877 93.
1479 3800 1696 3849 unum
1734 3794 1876 3848 erat
1903 3798 2043 3870 quo
2122 3770 2294 3844 mihi
2315 3769 2632 3845 vitiosum
2666 3769 3051 3867 videbatur,
3101 3800 3170 3850 2.
3198 3791 3354 3850 cont.
3394 3783 3560 3852 Rull.
3605 3803 3708 3880 ¹3·
3756 3785 3968 3862 vitio--

1305 3873 1457 3947 fitas
1509 3872 1604 3945 est
1658 3869 1923 3946 habitus
1957 3888 2074 3943 aut
2123 3864 2390 3947 affeffio
2441 3867 2515 3946 in
2558 3867 2699 3945 tota
2742 3869 2900 3949 vit&
2927 3871 3307 3956 inconstans
3360 3875 3447 3954 δί.
3471 3875 3528 3953 εὶ-
3551 3879 3616 3956 se
3648 3882 3791 3978 ipsa
3823 3883 3984 3970 dis-1

1305 3968 1632 4075 „stmwv
1672 3991 1746 4066 4⁸
1774 3965 1959 4065 Tust·
2002 3991 2122 4064 ²9*
