4585 5992
1302 775 1878 873 staverunt,·ct1m
1917 773 2098 860 idem
2144 775 2215 849 in
2252 774 2378 850 usu
2418 773 2689 852 dicendi
2715 775 3191 877 sequerentur,-
3232 770 3596 876 paululum
3627 774 3703 856 in
3733 782 3975 878 praeei-

1310 879 1547 986 piendi
1582 879 1837 952 ratione
1883 874 2340 949 diffenserunt.
2382 898 2538 950 nam
2580 875 2827 971 partim
2875 875 3179 976 quinque
3216 877 3358 949 e'us
3394 897 3610 973 partes
3638 876 3767 956 effe
3789 878 3980 958 dixe·

1306 996 1484 1053 sunt
1506 1001 1529 1064 3
1576 975 1819 1074 partim
1861 997 2001 1047 non
2030 975 2185 1072 plus
2272 970 2430 1046 uam
2468 973 2541 1044 in
2569 993 2700 1046 tres
2738 994 2956 1072 partes
3073 974 3159 1048 sse
3174 901 3482 1048 diltribui
3500 985 3980 1071 putaverunt.‘..

1311 1074 1446 1171 qui
1484 1092 1710 1147 autem
1743 1071 2141 1169 tripertitam
2184 1095 2224 1143 e
2277 1095 2316 1143 e
2348 1069 2633 1160 dicunt,
2678 1069 2725 1142 ii
2752 1096 2895 1145 non
2931 1098 2968 1143 a
3002 1072 3123 1144 'ter
3174 1091 3418 1169 putant
3465 1070 3738 1146 trastari
3775 1099 3979 1171 opor-

1310 1190 1464 1246 tere
1503 1169 2156 1270 argumentationem
2176 1222 2198 1257 ,
2251 1165 2366 1240 sed
2404 1167 2836 1266 partitionem
2863 1168 3114 1241 horum
3159 1165 3685 1265 reprehendunt.
3733 1193 3982 1270 negant

1310 1268 1508 1344 enim
1528 1292 1760 1366 -nequc
1796 1270 1834 1340 a
1868 1263 2325 1366 propositione
2351 1323 2375 1357 ,
2407 1290 2625 1362 neque
2657 1263 2745 1337 ab
2779 1264 3176 1340 assumtione
3190 1266 3706 1366 approbationes
3739 1292 3981 1342 eorum

1311 1363 1613 1463 separari
1641 1384 2000 1461 oportere3
2047 1388 2267 1458 neque
2302 1360 2831 1463 propositionem
2873 1360 3243 1436 absolutam
3284 1417 3318 1450 ,.
3372 1388 3593 1461 neque
3639 1363 3982 1441 afl'umtio-

1316 1487 1488 1539 nem
1520 1460 1644 1535 sibi
1675 1458 2043 1560 perfe&am
2090 1461 2347 1552 videri,
2391 1485 2552 1559 quae
2586 1459 3070 1557 approbatione
3101 1457 3497 1533 confirmata
3532 1484 3674 1533 non
3698 1458 3797 1533 fit.
3821 1487 3984 1559 qua,-

1324 1585 1406 1634 re
1445 1585 1611 1659 quas
1643 1560 1739 1634 illi
1773 1559 1938 1636 duas
1969 1579 2187 1656 partes
2233 1577 2593 1633 numerant
2620 1613 2643 1647 ‚
2690 1553 3221 1655 propositionem
3266 1557 3338 1630 &
3377 1581 3463 1653 ap
3515 1556 3934 1633 robationcm
3960 1616 3985 1651 ,

1318 1655 1452 1731 sibi
1486 1683 1690 1731 unam
1723 1676 1980 1754 partem
2022 1653 2278 1743 videri,
2323 1653 2852 1752 propositionem
2891 1678 2910 1722 z
2973 1676 3131 1749 quae
3170 1651 3219 1725 fi
3254 1678 3294 1726 a
3344 1677 3470 1760 pro
3519 1672 3622 1726 am
3674 1679 3816 1727 non
3867 1656 3986 1748 fit,

1323 1753 1699 1855 propositio
1743 1777 1885 1825 non
1908 1751 1997 1838 ,sit
2036 1750 2661 1850 argumentationis.
2702 1749 2910 1837 item,
2959 1774 3116 1847 quae
3146 1748 3233 1822 ab
3272 1748 3399 1822 ilis
3439 1749 3751 1824 assumtio
3788 1752 3859 1825 ὅ(
3889 1755 3983 1827 as-

1315 1851 1678 1926 sumtionis
1707 1847 2103 1947 approbatio
2141 1847 2431 1938 dicitur,
2476 1845 2787 1920 eamdem
2824 1844 2947 1917 fibi
2989 1844 3458 1919 assumtionem
3481 1845 3702 1920 'solam
3744 1848 3983 1922 videri.

1320 1947 1415 2023 ita
1450 1948 1574 2040 fit,
1615 1967 1697 2021 ut
1742 1945 1983 2020 eadem
2021 1947 2275 2026 ratione
2304 1940 2801 2042 argumentatio
2859 1942 3185 2031 traditam,
3231 1940 3371 2015 aliis
3423 1937 3792 2039 tripertita,
3837 1947 3982 2026 aliis

1322 2042 1871 2142 quinquepertita
1904 2039 2235 2113 videatur.
2264 2094 2279 2110 .
2310 2095 2327 2112 .
2375 2038 2574 2111 nobis
2611 2058 2840 2111 autem
2878 2037 3309 2113 commodior
3342 2039 3454 2114 illa
3487 2041 3757 2137 partitio
3798 2042 3982 2117 vide-
4099 2115 4102 2120 .

1320 2159 1439 2218 tur
1473 2141 1646 2229 elle,
1691 2161 1850 2235 quae
1887 2137 1957 2208 in
1996 2136 2305 2233 quinque
2342 2156 2559 2232 partes
2601 2134 2959 2207 distributa
2991 2137 3132 2227 est,
3175 2161 3383 2234 quam
3419 2163 3657 2211 omnes
3699 2138 3784 2211 ab
3828 2139 3984 2213 Ari·

1321 2236 1563 2310 stotele
1601 2237 1677 2309 δε
1719 2232 2207 2330 Theophrasto
2253 2229 2581 2328 profesti,
2627 2231 2926 2305 maxime
2990 2234 3197 2307 secuti
3231 2233 3387 2306 sunt
3426 2235 3566 2308 &c.
3620 2239 3645 2319 (
3675 2240 3882 2326 nam)
3933 2236 3980 2309 fi

1324 2331 1626 2431 quadam
1661 2332 1733 2407 in
1772 2330 2357 2431 argumentatione
2411 2330 2559 2403 satis
2605 2329 2702 2403 est
2765 2329 2864 2402 uti
2919 2328 3372 2427 propositione
3411 2330 3486 2404 ὅτ.
3535 2357 3678 2406 non
3714 2356 3982 2430 oportet

1314 2430 1693 2541 adjungere
1729 2427 2284 2529 approbationem
2326 2424 2806 2524 propositioni:
2860 2427 3155 2523 quadam
3191 2447 3414 2501 autem
3450 2426 3524 2528 in
3559 2455 3630 2503 ar
3684 2453 3985 2505 uincnta-

1326 2528 1519 2608 tione
1551 2525 1827 2602 infirma
1862 2524 1960 2600 est
2003 2522 2415 2624 propositiO,
2460 2521 2582 2597 nisi
2619 2523 2941 2622 adjunfih
2999 2521 3080 2597 fit
3127 2521 3567 2623 approbatiO,
3615 2454 3980 2623 &paratum

1318 2625 1656 2723 quiddam
1698 2624 1793 2698 est
1828 2620 1868 2694 a
1908 2621 2363 2722 propositione
2393 2621 2790 2720 approbatio
2821 2622 2957 2696 &a
2985 2677 2999 2692 .
3027 2678 3044 2695 .
3091 2622 3400 2721 quinque
3435 2622 3588 2696 sunt
3614 2623 3821 2723 igitur
3836 2653 3984 2724 pai·-

1329 2742 1429 2796 tes
1457 2725 1602 2823 ejus
1642 2720 2237 2890 argumentationis
2266 2776 2289 2808 ,
2335 2743 2493 2815 quae
2521 2738 2634 2810 per
2669 2723 3195 2791 ratiocinationem
3230 2721 3591 2794 trafftatur:
3631 2728 3982 2819 proposttio,

1320 2845 1452 2919 per
1483 2843 1693 2918 quam
1782 2818 2029 2891 reviter
2070 2821 2262 2892 locus
2300 2817 2355 2887 is
2393 2816 2798 2913 exponitur,
2832 2841 2918 2889 ex
2945 2841 3089 2914 quo
3112 2817 3212 2891 vis
3246 2819 3469 2891 omnis
3502 2838 3768 2917 oportet
3804 2847 3981 2896 ema-

1326 2937 1446 2996 net
1480 2913 2003 3003 ratiocinationis
2034 2940 2061 2986 2:
2126 2916 2544 3009 proposttiom's
2578 2914 2931 3007 approbatio
2952 2963 2977 3004 ‚
3031 2940 3151 3013 per
3193 2939 3398 3013 quam
3446 2916 3513 2987 id
3539 2957 3570 3008 ,·
3605 2916 3796 3013 quod
3829 2918 3980 2994 bre-

1274 3070 1277 3073 ·
1323 3016 1505 3089 viter
1537 3010 1917 3111 expolitum
1951 3011 2048 3086 est
2080 3067 2102 3099 ,
2140 3010 2525 3103 ⁴rationibus
2554 3012 2958 3085 affirmatum
2981 3068 3004 3104 ,
3031 3012 3536 3109 probabilius&
3557 3017 3847 3111 apertius
3860 3017 3978 3095 fit:

1323 3112 1659 3204 afficmtio,
1708 3134 1829 3207 per
1859 3132 2064 3207 quam
2104 3108 2174 3180 id
2201 3165 2223 3194 ,
2274 3108 2467 3206 quod
2501 3132 2588 3183 ex
2631 3108 3085 3206 propositione
3127 3110 3212 3185 ad
3246 3111 3739 3186 ostendendum
3778 3116 3982 3213 perti-

1320 3228 1490 3300 net,
1540 3205 1914 3283 assumitur.
1953 3205 2332 3297 afficmtionis
2373 3207 2769 3297 approbatio,
2813 3232 2931 3303 per
2963 3232 3169 3303 quam
3215 3202 3281 3278 id
3322 3265 3342 3296 ,
3441 3208 3575 3289 uod
3618 3211 3980 3287 affumtum

1321 3304 1467 3389 cst,
1516 3300 1890 3377 rationibus
1928 3303 2258 3374 firmatur.
2295 3305 2612 3391 complexio
2658 3356 2681 3390 ,
2735 3328 2853 3398 per
2890 3328 3094 3398 quam
3135 3303 3202 3374 id
3251 3233 3439 3400 quoii
3490 3303 3854 3379 conficitur
3896 3335 3984 3382 ex

1321 3401 1523 3473 omni
1559 3396 2181 3495 argumentatione,
2223 3395 2517 3470 breviter
2556 3397 2943 3492 exponitur.
2988 3423 3144 3494 quae
3231 3398 3505 3471 luritnas
3537 3401 3733 3473 habu
3782 3428 3980 3501 argu..

1322 3495 1659 3577 mentatio
1694 3513 1914 3593 partes
1937 3551 1961 3586 ,
2001 3518 2080 3565 ea
2121 3493 2379 3567 constat
2410 3516 2496 3564 ex
2531 3492 2633 3565 his
2667 3492 2971 3590 quinque
3013 3423 3335 3590 partibus,
3370 3493 3659 3572 secunda
3690 3498 3783 3571 est
3817 3526 3981 3599 qua..

1324 3592 1695 3692 dripaitita.
1745 3590 1939 3665 tertia
1996 3589 2347 3686 tripertita.
2405 3588 2561 3662 dein
2611 3589 2964 3685 bipertita,
3017 3590 3204 3702 quod
3248 3592 3319 3663 in
3370 3594 3826 3670 controversia
3858 3600 3975 3672 est.

1327 3690 1417 3763 de
1447 3692 1584 3764 una
1624 3711 1903 3783 quoque
1945 3684 2378 3784 parte-potest
2411 3685 2616 3758 alicui
2655 3685 2866 3760 videri
2905 3688 3085 3784 polle
3123 3691 3774 3787 argumentationem
3814 3720 3977 3775 coii-

1324 3784 1576 3860 sistere.
1618 3808 1859 3858 eorum
1908 3783 2116 3891 igitur
2219 3806 2328 3855 uae
2374 3783 2718 3873 constant,
2757 3785 3070 3883 exempla
3112 3811 3490 3883 ponemus:
3541 3814 3779 3864 corum
3817 3817 3978 3887 quae

1322 3882 1541 3965 dubia
1570 3879 1760 3974 sunt,
1803 3807 2484 3963 rationesaiiieremus.
2529 3879 3069 3980 quinquepertita
3094 3884 3583 3983 argumentatio
3609 3887 3705 3960 est
3745 3889 3975 3987 hujus-

1324 3979 1522 4054 modi
1553 3979 1690 4052 &c.
1722 4034 1785 4051 ..
1831 3997 2123 4076 quatuor
2152 3999 2383 4052 autem
2426 3975 2724 4074 partibus
2765 3978 3025 4053 constat
3064 3981 3596 4078 argumentatiO,
3647 3980 3813 4059 cum
3858 4007 3974 4064 aut

1323 4077 1779 4194 proponimus
1816 4133 1839 4167 ‚
1895 4094 2013 4150 aut
2061 4074 2458 4150 assumimus
2505 4073 2646 4149 fine
2699 4075 3224 4174 approbatione,
3269 4078 3342 4154 id
3394 4078 3614 4154 facere
3664 4102 3975 4180 oportet,

1318 4171 1491 4263 atim
1545 4193 1664 4248 aut
1722 4198 1848 4273 pro
1941 4170 2090 4246 sitio
2125 4197 2212 4247 ex
2240 4170 2303 4247 st:
2338 4170 2785 4273 intelligitur,
2827 4192 2942 4248 aut
2967 4173 3287 4253 'ass‘umtio
3346 4174 3693 4276 perspicua
3747 4182 3844 4256 est
3867 4184 3970 4257 -&

1317 4271 1581 4397 ρμῌίιιε
1637 4198 2143 4405 ερρῐοζὲᾴοηίξ
2200 4270 2486 4395 indiget:
2541 4267 3016 4393 propofitipnis
3063 4272 3542 4391 approbatione
3594 4278 3931 4387 praeterita
3952 4334 3974 4369 ,

1674 4408 1677 4413 .
3804 4397 3978 4491 qua?
