4585 5992
1043 593 2147 682 PHILOSOPHICUM.
2333 595 2563 671 CA».
2630 596 2843 673 XII.
3148 611 3302 700 133·

624 713 850 794 Deus:
895 741 1175 794 omnem
1218 717 1386 825 ergo
1426 718 1601 821 regit
1633 717 1772 814 ipse
1806 734 2141 791 naturam.
2183 707 2461 786 Etenim
2498 706 2549 780 sl
2588 709 3030 786 concedimus
3084 710 3280 785 intel·

620 806 900 913 figentes
938 817 1067 891 esse
1096 817 1288 891 Deos
1306 875 1331 909 ,
1377 815 1815 891 concedimus
1872 812 2075 887 etiam
2122 809 2555 907 providentes
2600 807 2673 879 &
2721 831 2945 881 rerum
2994 807 3280 905 quidem

621 916 1093 988 maximarum.
1138 913 1305 1013 ergo
1347 913 1582 988 utrum
1622 914 1939 1012 ignorant
2021 933 2129 981 uae
2163 930 2265 981 res
2301 906 2617 979 maximae
2647 901 2775 976 sint
2796 961 2818 996 ‚
2863 929 3140 1075 canoque
3173 908 3285 981 hae

619 1011 839 1084 modo
897 1010 1257 1084 traetandae
1300 1037 1323 1097 3
1390 1036 1479 1084 an
1523 1010 1668 1083 vim
1716 1031 1857 1079 non
1905 934 2156 1080 hachem
2206 1005 2343 1101 qua
2389 1022 2600 1104 tantas
2646 1025 2750 1075 res
2799 997 2872 1075 su
2935 1002 3160 1076 ineant
3205 1007 3288 1079 &C

619 1106 902 1207 gerant?
950 1128 1017 1182 at
1062 1107 1138 1180 δε
1182 1106 1520 1204 ignoratio
1564 1120 1795 1178 rerum
1845 1103 2058 1177 aliena
2105 1121 2362 1173 naturae
2412 1101 2724 1173 Deorum
2775 1098 2873 1172 est
2895 1156 2919 1190 ‚
2964 1099 3039 1173 &
3088 1099 3285 1176 fusti·

617 1202 824 1276 nendi
848 1202 1165 1277 muneris
1226 1221 1502 1302 propter
1562 1200 2099 1276 imbecillitatem
2159 1196 2515 1271 difficultas
2551 1246 2577 1286 ‚
2648 1194 2934 1270 minime
2979 1198 3159 1273 cadit
3209 1200 3306 1276 in'·

615 1300 1030 1398 majestatem
1082 1301 1423 1372 Deorum.
1470 1324 1565 1371 ex·
1601 1322 1744 1405 quo
1788 1295 2081 1370 efficitur
2127 1295 2197 1368 id
2219 1344 2243 1384 ‚
2340 1294 2482 1404 uod
2520 1294 2846 1404 volumus
2879 1352 2902 1388 ,
2962 1295 3296 1383 Deorum*

619 1394 1055 1490 providentia
1082 1396 1429 1467 mundum
1465 1392 1912 1466 administrari
1965 1393 2099 1463 δίε.
2141 1389 2285 1487 quo
2374 1392 2424 1463 fi
2462 1391 2630 1465 ‘mest
2660 1417 2732 1464 m
2770 1394 3130 1468 hominum
3166 1420 3302 1493 ge-v

624 1514 788 1562 nere
823 1514 1013 1562 mens
1034 1538 1061 1577 ‚
1112 1489 1281 1563 fides
1301 1546 1324 1580 ,
1364 1489 1580 1562 virtus
1607 1545 1629 1578 ‚
1671 1486 2081 1575 concordia3
2130 1486 2315 1560 unde
2346 1488 2494 1560 haec
2527 1489 2831 1564 interras
2857 1549 2880 1583 ‚
2939 1489 3062 1564 nifi
3094 1491 3135 1566 a
3172 1495 3284 1567 su-

623 1585 805 1683 peris
826 1642 848 1677 ‚
890 1584 1185 1659 defluere
1219 1583 1634 1683 potuerunt?
1670 1581 1972 1679 cumque
1999 1582 2077 1655 fit
2119 1582 2192 1656 in
2214 1583 2413 1657 nobis
2449 1581 2803 1658 consilium
2822 1644 2845 1677 ‚
2877 1590 3087 1680 ratio,
3168 1615 3286 1666 ru.

624 1680 854 1755 dentia
876 1738 899 1770 ‚
945 1682 1199 1757 necesse
1237 1680 1381 1772 est,
1419 1681 1611 1754 Deos
1644 1677 1791 1751 haec
1830 1677 1972 1776 ipsa
1999 1678 2243 1751 habere
2279 1682 2570 1779 majora,
2616 1703 2741 1755 nec
2779 1684 3022 1758 habere
3036 1688 3108 1758 so
3136 1687 3286 1782 hm,

621 1774 738 1848 sed
774 1777 972 1849 etiam
1015 1778 1121 1851 his
1158 1778 1262 1851 uti
1292 1778 1361 1850 in
1400 1773 1715 1850 maximis
1756 1778 1831 1849 &
1859 1773 2134 1871 optimis
2170 1774 2395 1848 rebus.
2429 1775 2601 1848 nihil
2631 1796 2855 1850 autem
2884 1780 3123 1854 estnec
3144 1808 3287 1858 ma-

615 1872 773 1970 jus,
816 1896 940 1945 nec
981 1874 1262 1964 melim,
1306 1871 1598 1945 mundo.
1653 1871 1912 1945 necesse
1953 1871 2049 1942 est
2097 1868 2265 1971 ergo
2324 1894 2484 1945 eum
2526 1871 2843 1945 Deorum
2865 1874 3168 1950 ,confilio
3204 1883 3284 1957 ὃς

625 1968 1054 2065 providentia
1105 1968 1577 2043 administrari.
1608 2018 1629 2036 .
1655 2021 1671 2037 .
1718 1964 2011 2039 efficitur
2053 1968 2283 2038 omnia
2335 1968 2481 2064 regi
2526 1968 2758 2040 divina
2807 1992 3035 2045 mente
3080 1994 3286 2073 atque

624 2065 1055 2162 providentia
1098 2068 1232 2140 δῖε.
1257 2124 1273 2140 .
1294 2122 1309 2139 .
1360 2065 1555 2164 cujus
1588 2060 1866 2158 quidem
1897 2061 2382 2135 administratio
2414 2060 2584 2133 nihil
2617 2061 2818 2135 habet
2854 2066 2925 2137 in
2976 2068 3042 2139 se
3088 2070 3302 2167 quod*

622 2163 1027 2258 reprehendi
1077 2159 1299 2264 poffit.
1343 2186 1433 2235 ex
1489 2161 1568 2234 iis
1609 2158 1791 2232 enim
1837 2155 2093 2232 naturis
2125 2181 2282 2254 quae
2327 2175 2567 2248 erant,
2606 2159 2798 2253 quod
2833 2158 3009 2234 effici
3060 2172 3300 2261 potuit·

626 2257 971 2357 optimum
1019 2316 1044 2350 ‚
1110 2254 1431 2335 effectum
1471 2256 1588 2330 est.
1656 2253 1892 2329 doceat
1958 2250 2128 2354 ergo
2179 2253 2426 2351 aliquis
2479 2252 2768 2352 potuiss‘e
2833 2258 3098 2334 melius,
3164 2262 3297 2342 sed‘

626 2380 836 2433 nemo
873 2381 1175 2457 unquam
1213 2354 1522 2431 docebit:
1574 2354 1650 2426 &
1683 2349 1731 2423 fi
1768 2353 1924 2450 quis
1963 2350 2300 2452 corrigere
2345 2350 2600 2448 aliquid
2649 2351 2836 2426 volet
2866 2409 2891 2446 ,
2933 2377 3050 2430 aut
3096 2359 3282 2437 dcte-

624 2451 767 2525 rius
801 2448 999 2527 fa'ciet
1023 2508 1065 2544 ,.
1092 2453 1306 2528 antid
1331 2510 1354 2544 ,
1452 2450 1591 2524 uod
1624 2448 1770 2522 fieri
1803 2473 1947 2522 non
1983 2454 2252 2546 potuit‘,
2299 2444 2716 2522 dcfiderabit.
2746 2450 2935 2547 quod
2974 2451 3025 2526 fi
3045 2473 3294 2536 omnen·

626 2548 888 2629 mundi‘
909 2570 1134 2646 partes
1153 2551 1245 2623 ita
1274 2575 1405 2623 con
1468 2548 1653 2621 itutae
1690 2544 1886 2637 sunt,
1929 2565 2006 2618 ut
2042 2565 2263 2642 neque
2304 2543 2391 2619 ad
2437 2541 2637 2618 usum
2684 2547 2996 2624 meliores
3041 2573 3283 2650 potue.

627 2643 762 2718 rint
806 2644 938 2720 effe
969 2703 1009 2737 ‚.
1036 2667 1257 2745 neque
1305 2645 1390 2720 ad
1439 2643 1722 2742 speciem
1772 2642 2258 2740 pulchriores]
2325 2641 2704 2740 videamus
2737 2641 2969 2719 utrum
3016 2675 3093 2724 ea
3140 2651 3281 2727 fora

625 2742 792 2815 tuita
836 2740 964 2817 {int
998 2801 1027 2835 ‚
1086 2769 1171 2818 an
1219 2769 1303 2817 eo
1354 2742 1527 2816 statu
1562 2800 1585 2832 ‚
1643 2764 1786 2836 quo
1835 2738 2176 2814 cohaerere
2223 2738 2417 2812 nullo
2461 2738 3106 2850 modo'potuerint,
3154 2738 3298 2827 nifi'

622 2837 810 2913 sensu
876 2841 1266 2914 moderante
1304 2895 1328 2930 ‚
1391 2838 1756 2934 divinaque
1815 2835 2245 2935 providentia
2322 2836 2460 2909 &c.
2521 2840 2645 2932 qui
2707 2840 2916 2937 igitur
2958 2849 3303 2924 conveni(

624 2934 895 3034 signum
945 2957 1063 3012 aut
1107 2935 1406 3012 tabulam
1453 2934 1703 3032 pictam
1748 2930 1912 3006 cum
1958 2930 2376 3029 adspexeriS,
2416 2928 2581 3005 scire
2617 2933 2990 3011 adhibitam
3024 2941 3157 3019 ess‘e
3176 2963 3286 3020 ari

625 3053 813 3126 tem3
857 3031 1159 3130 ct'i'mque
1203 3032 1447 3131 procul
1485 3032 1761 3103 cursum
1807 3028 2060 3145 navigii
2106 3029 2411 3116 videris,
2454 3050 2594 3100 non
2639 3027 2944 3104 dubitare
2988 3038 3154 3130 quin
3202 3035 3290 3114 icf

623 3130 879 3203 ratione
923 3150 1125 3226 atque
1171 3150 1309 3202 arte
1357 3146 1754 3211 moveatur3
1798 3143 1917 3197 aut
1952 3147 2115 3196 cum
2158 3121 2469 3197 solarium
2507 3123 2646 3197 δίς.
2693 3122 2765 3196 hi
2808 3146 3033 3216 autem
3075 3132 3280 3207 dubi.-

624 3246 766 3301 tant
813 3228 898 3306 de
934 3225 1200 3300 mundo
1242 3249 1329 3299 ex
1377 3249 1519 3322 quo
1569 3225 1644 3296 &
1689 3220 2001 3294 oriuntur
2045 3222 2122 3294 &
2168 3218 2348 3293 fiunt
2391 3220 2662 3310 omnia,
2707 3221 2981 3298 casu-ne
3027 3225 3162 3325 ipse
3195 3223 3291 3308 fit*

620 3319 938 3411 effectu&
986 3344 1103 3397 aut
1150 3321 1522 3397 neceffitate
1562 3317 1789 3416 aliqua
1825 3372 1849 3406 ,
1892 3339 1977 3390 an
2018 3316 2319 3407 ratione,
2362 3342 2451 3390 an
2485 3337 2710 3391 mente
2738 3317 3036 3414 divina,
3095 3348 3167 3399 2.
3199 3323 3284 3401 de*

620 3419 713 3515 de·
735 3421 907 3490 Nat.
949 3443 1066 3515 75.
1108 3420 1222 3514 76.
1270 3443 1382 3516 77.
1422 3417 1535 3514 78.ι
1578 3416 1694 3489 86'.
1742 3415 1855 3487 &c
1894 3410 2215 3511 praeclare
2261 3412 2433 3510 ergo
2489 3412 2878 3491 Aristoteles
2905 3474 2927 3508 ,
2955 3426 3021 3513 st
3050 3423 3304 3518 effent,‚

623 3515 878 3615 inquit,
920 3521 1027 3610 qui
1039 3514 1165 3611 sub
1200 3516 1374 3587 terrd
1396 3514 1639 3611 simper
1671 3511 2118 3602 habitaviffent
2171 3511 2341 3581 bonis
2399 3513 2478 3588 ό·
2530 3511 2864 3606 illustribus
2901 3516 3224 3593 domiciliis
3241 3571 3298 3614 ‚³

564 3625 593 3682 ζ
625 3637 762 3706 quae
801 3614 986 3706 effint
1018 3629 1241 3684 ornata
1254 3618 1449 3708 fignis
1478 3627 1663 3705 atque
1686 3611 1953 3704 pift'uris
1969 3656 1995 3698 ‚
2043 3606 2456 3701 instrueretque
2485 3609 2564 3679 iis
2584 3610 2763 3681 rebus
2778 3614 3053 3686 omnibus
3069 3665 3095 3707 ‚
3131 3624 3274 3712 qui-

623 3707 732 3781 bus
766 3710 1084 3781 abundant
1122 3714 1172 3781 ii
1193 3767 1239 3801 ,.
1259 3714 1367 3805 qui
1392 3713 1559 3781 beati
1576 3721 1890 3800 putantur
1904 3755 1930 3795 ‚
1974 3724 2083 3775 nec
2113 3717 2324 3775 tam'en
2358 3704 2610 3796 exg'ffent
2648 3731 2918 3806 unquam
2927 3708 3126 3806 sttpra
3141 3731 3302 3787 ter--

624 3828 764 3875 ram
794 3838 820 3891 5
871 3808 1222 3903 acceptffl’nt
1273 3824 1482 3878 autem
1506 3803 1702 3900 famd
1756 3802 1840 3883 &³
1882 3803 2195 3874 auditione
2230 3804 2345 3895 effi’
2369 3801 2696 3897 'quoddam
2742 3829 2962 3878 namen
3010 3809 3095 3890 δέ*
3133 3817 3287 3886 vim

627 3899 908 3972 Deorum
926 3928 950 3974 .·
995 3904 1208 3976 deindo
1244 3909 1452 4003 aliquo
1485 3915 1748 3994 tempore
1780 3951 1805 3992 ‚
1840 3899 2180 3997 patefaffis
2219 3916 2417 3971 terre
2425 3897 2722 3996 faucibus
2760 3955 2784 3995 ‚
2828 3929 2902 3976 ex
2934 3908 3057 3979 illis
3091 3908 3280 3982 abdi-i

627 3999 707 4065 tis
740 3995 985 4091 sedibus
1026 4002 1287 4073 evadere
1319 4009 1388 4075 in
1416 4003 1547 4074 haec
1585 4002 1714 4070 loca
1735 4057 1759 4091 ,
1801 4016 1938 4094 quae
1978 4022 2081 4070 nos
2115 4001 2433 4071 incolimus
2450 4052 2474 4087 ‚
2507 4013 2697 4092 atque
2729 4007 2895 4073 exire
2910 4006 3298 4098 potuffnt;‚

627 4091 763 4160 calm
801 4099 1039 4184 repent&
1067 4114 1302 4170 terram
1334 4101 1417 4181 &³
1440 4101 1665 4170 ''maria
1686 4101 2030 4190 ‘coelumque
2062 4097 2357 4188 vidtjffbnt
2388 4145 2413 4186 ,
2462 4097 2715 4169 nubium
2751 4103 3303 4196 magnitudinem3‚

626 4203 1075 4287 ventorumqfce
1093 4198 1232 4268 vim
1263 4197 1731 4295 cognovfflnt'2
1753 4191 2275 4364 adspexifflmqssf
2299 4189 2534 4287 solem,
2582 4193 2829 4297 ejusque
2871 4197 3012 4270 cssmt
3035 4199 3310 4295 magni-⁷·

2264 4335 2285 4350 »
2315 4309 2385 4385 3,
3162 4312 3300 4366 tu·-
