4585 5992
1148 713 1627 794 LEXICON
1676 713 2565 794 PHILOSOPHICUM.
2699 717 2867 793 CO.

780 862 854 905 ro
876 885 898 917 ,
940 834 1129 903 tertio
1152 880 1174 910 ‚
1219 834 1475 919 denique
1515 834 1763 921 reliquis
1801 817 2009 901 conse-

774 924 935 990 cutis
965 920 1172 984 diebus
1210 926 1336 985 &c.
1363 965 1378 981 .
1406 966 1422 981 .

694 1004 1061 1078 Consenfio‚
1103 1002 1273 1065 onis:
1335 1002 1504 1065 omni
1547 1000 1611 1063 in
1648 1021 1711 1063 re
1754 1004 2004 1067 consen-

3233 737 3278 793 2
3293 744 3320 793 1
3341 745 3370 798 1

2159 832 2253 897 his
2296 855 2367 898 ea
2402 835 2804 899 consentanea
2850 838 2915 901 δε
2951 810 3379 920 consequentia

2159 917 2269 981 sint
2308 923 2435 982 ὅτε.
2486 919 2889 1000 3.defin.48.
2935 919 3169 1003 ejusque
3208 941 3377 984 mors

2156 1002 2552 1066 consentanea
2586 1000 2727 1063 vitae
2767 996 2904 1064 fuit.
2930 1048 2985 1070 ..
3038 1003 3158 1085 (V.
3195 1006 3368 1086 App.)

777 1090 863 1155 fio
894 1088 1171 1153 omnium
1205 1083 1481 1167 gentium
1517 1082 1610 1145 lex
1634 1104 1861 1148 natura·
1886 1106 2000 1168 pu·
2074 1082 2473 1149 Consentiens
2508 1127 2529 1157 ,
2587 1089 2907 1148 conveniens
2944 1129 2964 1158 ,
3038 1086 3372 1169 conspirans.

772 1171 961 1238 tanda
977 1169 1103 1241 est,
1145 1166 1378 1250 1.Tufi·.
1408 1186 1504 1250 30.
1551 1166 1830 1231 omnium
1850 1189 1999 1233 con..

769 1255 1050 1321 senfione.
1089 1297 1105 1315 .
1150 1297 1166 1314 .
1224 1249 1528 1313 bonorum
1584 1251 1907 1315 consensxo.
1935 1299 1951 1315 .
1976 1299 1992 1316 .

773 1339 1079 1404 bonorum
1175 1332 1456 1396 omnium
1532 1334 1856 1397 consensio.
1905 1378 1923 1397 .
1971 1379 1988 1396 .

2155 1167 2317 1250 cujus
2352 1167 2428 1232 de
2465 1165 2740 1236 laudibus
2771 1166 3049 1231 omnium
3083 1171 3165 1233 est
3203 1166 3376 1234 fama

2149 1250 2528 1315 consentiens
2573 1294 2594 1324 ,
2665 1254 2730 1314 de
2779 1254 2990 1315 Senec‘l.
3051 1266 3151 1322 61.

2149 1332 2663 1398 consentientibus
2681 1333 2951 1398 senfibus.
2964 1381 3005 1397 ..
3049 1335 3168 1417 (V.
3187 1335 3366 1432 App.)

777 1437 1142 1500 maneatque
1192 1411 1271 1477 ad
1304 1432 1489 1478 unum
1517 1413 1795 1477 oxnnium
1820 1417 2000 1482 firma
2069 1412 2405 1479 Consentio
2424 1461 2448 1492 ,
2491 1417 2581 1480 is':
2614 1420 2759 1480 idem
2781 1418 2965 1500 sentio
3004 1441 3129 1481 cum
3164 1421 3377 1499 alequa,

775 1502 1101 1566 consener.
1153 1495 1272 1570 (V.
1295 1498 1472 1579 App.)

700 1584 1037 1649 consensus
1057 1626 1079 1656 ‚
1124 1579 1227 1642 fis:
1268 1575 1533 1660 confinfio
1555 1620 1577 1649 ,
1635 1577 1959 1660 conspiratio
1980 1624 1999 1652 ‚

779 1669 1175 1731 convenientia.
1251 1682 1371 1723 uno
1432 1661 1736 1724 consensu.
1764 1708 1779 1724 .
1804 1705 1820 1721 .
1883 1663 1996 1725 unzi

775 1773 929 1816 voce
951 1755 1016 1816 86
1052 1746 1337 1813 consensu
1375 1741 1774 1826 approbavit.
1803 1786 1820 1806 .
1844 1793 1860 1811 .
1885 1745 1998 1808 una

775 1854 979 1910 mente
1013 1829 1244 1912 unaque
1278 1848 1448 1892 voce.
1478 1876 1493 1892 .
1519 1872 1533 1888 .
1580 1846 1793 1891 omnes
1825 1848 1995 1891 mor-

771 1915 928 1980 tales
959 1914 1075 1980 unzi
1110 1929 1311 1987 mente
1348 1907 1749 1973 consentiunt.
1776 1956 1792 1973 .
1818 1956 1835 1974 .
1881 1912 1995 1974 ho-

773 1997 1008 2062 minum
1043 1991 1450 2061 consentiente
1484 1989 1869 2055 austeritate.
1914 2043 1932 2062 .
1976 2044 1993 2065 .

774 2080 1095 2145 hominum
1140 2073 1549 2141 consentiente
1627 2073 1996 2140 aufiloritate

772 2164 1046 2230 contenti
1083 2181 1205 2225 non
1243 2161 1506 2224 sumus...
1552 2153 1701 2220 cum
1733 2177 1843 2221 vos
1860 2160 1994 2222 uni-

773 2248 921 2312 versi
954 2247 1071 2312 una
1106 2262 1309 2309 mente
1345 2262 1530 2326 atque
1569 2261 1790 2333 voce...
1829 2241 1994 2308 idem

775 2330 989 2396 volunt
1022 2348 1231 2395 omnes
1245 2323 1560 2397 ordiner»...
1603 2344 1761 2388 mter
1787 2346 1998 2391 omnes

777 2414 1134 2480 convenit...
1191 2407 1870 2482 arbitramur.consensu
1886 2431 1997 2476 na-

773 2497 1013 2562 tionum
1033 2495 1376 2563 omnium...
1401 2488 1623 2556 affensu
1641 2491 1989 2565 omnium...

770 2581 1049 2646 omnium
1084 2577 1371 2644 ordinum
1409 2575 1796 2641 consensuS...
1843 2596 1992 2640 con-

772 2664 966 2728 sensus
998 2662 1298 2730 omnium.
1325 2704 1343 2726 .
1365 2701 1382 2721 .
1432 2658 1725 2743 cognatio
1761 2678 1989 2725 naturae

776 2750 843 2812 δε
883 2748 1041 2830 quasi
1077 2760 1405 2814 concentus
1440 2761 1624 2836 atque
1659 2744 1994 2819 consensus,

773 2850 960 2911 quam
996 2832 1315 2905 συμπάθειαν
1353 2826 1559 2892 Graecl
1596 2844 1824 2890 Vocant
1848 2869 1869 2900 ,
1934 2846 1988 2892 2.

772 2914 1049 2977 deDivin.
1077 2925 1175 2990 34.
1238 2908 1395 2968 cons
1431 2906 1621 2972 iratio
1658 2910 1994 2974 consensus-

775 3016 888 3079 que
919 2993 1235 3058 virtutum.
1261 3036 1277 3053 .
1303 2993 1356 3057 .'
1441 3036 1458 3053 .
1477 2995 1620 3077 App.
1669 2993 1834 3075 (nota
1857 2994 1994 3075 plu-

771 3083 919 3141 rium
955 3076 1403 3159 conspirationem
1424 3093 1530 3158 per
1565 3074 1874 3159 consinficm
1889 3077 1995 3158 fita

774 3161 1161 3244 confimstonem
1196 3161 1540 3241 importari.)

696 3247 1186 3315 Consentaneus,
1232 3264 1309 3316 a,
1353 3262 1494 3306 um:
1538 3259 1743 3327 aptus,
1797 3264 1994 3304 conve-

771 3333 925 3393 niens
943 3373 966 3404 ,
1008 3326 1338 3408 consentiens
1356 3368 1378 3398 ‚
1428 3330 1622 3418 (opp.
1652 3332 1672 3401 )
1737 3322 1994 3410 chffinta-

774 3435 926 3476 neus.
997 3407 1336 3493 perspicere
1373 3406 1517 3490 quid
1554 3429 1617 3471 m
1659 3407 1893 3491 quique
1933 3431 1995 3473 re

771 3516 982 3561 verum
1017 3494 1423 3574 sincerumque
1456 3490 1526 3555 fit
1564 3538 1586 3567 ‚
1647 3489 1795 3574 quid
1845 3512 1994 3556 con-

771 3583 1119 3645 sentaneum
1140 3574 1352 3659 cuique
1378 3620 1399 3649 ‚
1444 3574 1589 3659 quid
1604 3576 1995 3658 consequens,

774 3684 834 3731 2.
859 3661 975 3748 Off.
1000 3668 1095 3725 18.
1143 3657 1291 3723 cum
1335 3663 1462 3723 διε.
1532 3659 1993 3723 consentaneum

770 3746 850 3811 est
874 3792 896 3821 ‚
947 3762 966 3822 ς
994 3745 1093 3807 hoc
1121 3744 1189 3827 est
1213 3788 1235 3817 ‚
1258 3742 1517 3824 sequitur
1550 3741 1706 3821 dn.)
1758 3764 1879 3806 non
1913 3744 1993 3806 est

773 3848 979 3894 autem
1012 3829 1477 3891 consentaneum
1518 3830 1642 3889 &c.
1671 3871 1685 3888 .
1708 3872 1722 3888 .
1769 3847 1893 3888 non
1930 3825 1993 3889 id

775 3909 1164 3996 spedhmdum
1196 3907 1277 3972 est
1314 3905 1461 3993 quid
1478 3907 1648 3973 dicat
1669 3953 1689 3983 ,
1732 3907 1834 3971 sed
1852 3909 1994 3992 quid

778 3999 1242 4059 consentaneum
1277 3990 1346 4055 fit
1380 3991 1436 4055 ei
1474 3990 1673 4055 dicere
1699 4036 1719 4066 ,
1786 4009 1838 4073 3.
1878 3994 1994 4091 Off.

2152 1519 2391 1580 congruo
2410 1544 2431 1572 ‚
2472 1505 2730 1562 convenio
2767 1544 2788 1572 ,
2829 1503 3073 1584 conspiro
3093 1547 3114 1577 ‚
3154 1502 3376 1584 consen-

2153 1596 2349 1645 taneus
2391 1585 2549 1664 fiam.
2609 1582 2683 1670 de
2751 1584 3047 1648 amicitiae
3100 1584 3379 1651 utilitate

2150 1680 2362 1728 omnes
2394 1686 2516 1729 uno
2549 1686 2656 1728 ore
2695 1667 3073 1730 consentiunt
3113 1712 3136 1742 ,
3184 1671 3249 1729 de
3290 1671 3371 1731 A·

2152 1749 2280 1810 mic.
2308 1754 2401 1812 88.
2447 1747 2563 1811 uni
2604 1752 2670 1810 &
2706 1768 2909 1812 mente
2952 1755 3019 1814 δε
3056 1770 3207 1813 voce
3225 1771 3374 1815 con-

2150 1828 2458 1905 sentiunt,
2504 1849 2561 1898 1.
2598 1832 2655 1891 in
2688 1832 2893 1900 Anton.
2936 1849 3034 1898 21.
3099 1835 3275 1898 causa
3310 1832 3375 1897 in

2150 1915 2268 1992 quai
2344 1934 2553 1978 omnes
2608 1911 2854 1976 ordines
2911 1912 3186 1978 civitatis
3253 1916 3375 1981 unii

2149 1996 2527 2060 consentiunt
2565 2040 2587 2068 ‚
2635 2013 2743 2079 pro
2776 1995 2904 2077 Sefl.
2944 2014 3081 2069 109.
3164 2017 3377 2063 omnes

2149 2077 2445 2143 mortales
2519 2075 2635 2141 unit
2713 2098 2913 2143 mente
2988 2079 3371 2146 consentiunt

2149 2161 2277 2221 &c.
2325 2178 2388 2235 4.
2425 2164 2484 2223 in
2525 2162 2734 2222 Anton.
2779 2180 2836 2236 7.
2883 2181 3066 2245 atque
3086 2163 3184 2226 his
3200 2164 3375 2245 prin-

2146 2238 2331 2323 cipiis
2351 2242 2584 2328 reliqua
2603 2242 3147 2318 consentiebant,1.
3166 2251 3224 2307 r‘n
3244 2251 3367 2309 An-

2144 2339 2258 2388 ton.
2285 2344 2344 2395 1.
2392 2324 2729 2391 consentire
2754 2324 2885 2401 fibi,
2924 2328 3259 2392 consentire
3279 2330 3368 2395 se—

2145 2411 2445 2484 cum,(hoc
2460 2410 2952 2493 ss‚c0nstarefibi.)
2982 2413 3043 2474 V
3054 2416 3217 2495 App.
3233 2418 3373 2487 (una

2142 2510 2332 2556 autem
2370 2497 2630 2557 voluntas
2663 2492 3001 2558 consentire
3018 2518 3125 2557 non
3139 2499 3372 2572 dicitur,

2122 2574 2523 2655 fidass'entire
2542 2621 2564 2651 ,
2601 2579 2695 2641 vel
2708 2574 2975 2641 assentiri
2998 2622 3019 2651 ‚
3052 2582 3185 2662 quia
3216 2599 3369 2642 con-

2145 2659 2363 2724 sentire
2395 2662 2465 2743 est
2495 2664 2634 2722 idem
2650 2663 2866 2744 sentire
2885 2683 3010 2723 cum
3026 2666 3213 2745 aliquo
3231 2666 3370 2739 alio,

2141 2739 2221 2816 ὠ·
2256 2746 2568 2809 consensus
2605 2747 2673 2826 cst
2700 2748 2949 2827 plurium
2983 2748 3362 2831 consphatt‘o.)

2065 2823 2457 2909 Consequens
2479 2872 2498 2900 ‚
2540 2830 2817 2909 insequens
2838 2871 2859 2900 ‚
2899 2829 3147 2909 futurus
3167 2873 3187 2903 ,
3227 2833 3380 2911 quod

2142 2909 2512 2989 constquitur‚
2559 2916 2756 2990 (opp.
2790 2918 2810 2985 )
2859 2927 3172 3004 repugnans
3187 2956 3208 2986 ‚
3239 2916 3368 2994 pri-

2145 3010 2319 3054 mum.
2366 3012 2607 3056 cernere
2640 2993 3066 3075 consequentia
3101 3040 3123 3068 ,
3189 3016 3368 3076 repu-

2145 3073 2399 3154 gnantia
2442 3072 2665 3137 videre.
2695 3123 2710 3139 .
2735 3120 2750 3135 .
2819 3094 3066 3156 quaeque
3103 3096 3223 3138 non
3255 3076 3371 3143 sint

2144 3157 2318 3219 conse
2364 3155 2635 3224 nentia...
2682 3155 2830 3220 cum
2870 3158 3370 3239 consequensali-

2184 3236 2306 3301 uod
2372 3239 2565 3305 alsurn
2601 3237 2669 3302 sit
2698 3285 2719 3315 ,
2762 3237 2914 3303 illud
2950 3240 3113 3322 cujus
3134 3239 3196 3302 id
3217 3262 3367 3306 con-

2139 3257 2384 3414 il‘equens
2420 3324 2489 3387 fit
2514 3368 2534 3398 ,
2580 3344 2697 3385 non
2733 3320 2894 3406 posse
2926 3318 3037 3387 esse
3073 3346 3365 3395 verum...

2139 3402 2263 3470 aha
2296 3428 2368 3471 ex
2403 3405 2896 3471 antecedentibus
2930 3406 3317 3491 appellantur
3343 3456 3371 3486 ,

2138 3487 2262 3553 alia
2303 3512 2374 3554 ex
2413 3489 2952 3575 consequentibus,
2996 3490 3119 3555 alia
3156 3514 3229 3556 ex
3268 3515 3363 3557 re·-

2137 3572 2644 3717 pugnantibus...
2727 3594 2792 3637 ut
2844 3573 3147 3639 efficiatur
3200 3574 3365 3658 qnod

2159 3676 2205 3717 it
2260 3660 2436 3719 conse
2481 3676 2620 3722 uens
2672 3654 2747 3720 iis
2788 3680 2914 3740 quoe
2953 3659 3274 3722 sumentur.
3300 3705 3316 3721 .
3344 3710 3365 3732 .

2138 3737 2360 3802 vitium
2417 3762 2447 3803 e
2554 3739 2978 3824 consequentia
3030 3766 3092 3805 re
3144 3743 3367 3807 rehen-

2138 3819 2277 3886 dere
2313 3868 2334 3897 ‚
2396 3823 2546 3889 cum
2604 3824 2809 3907 prima
2868 3765 3244 3892 concesseris.
3286 3873 3301 3889 .
3345 3874 3363 3892 .

2139 3905 2589 3971 contrariorum
2627 3905 2941 3971 contraria
2980 3910 3114 3975 sunt
3154 3915 3364 3976 conse-

2141 3988 2414 4072 quentia.
2439 4040 2455 4057 .
2479 4039 2495 4057 .
2548 3994 2573 4073 (
2600 3991 2690 4058 V.
2712 3995 2853 4074 App.
2885 3999 2904 4069 )

779 4085 917 4144 118.
963 4078 1054 4140 hae
1090 4074 1427 4157 disciplinae
1463 4075 1504 4138 fi
1544 4074 1649 4139 fibi
1685 4077 1999 4141 consenta-
2061 4074 2550 4158 Consequentia,
2595 4096 2680 4137 ae:
2724 4098 2937 4149 nexus,
2961 4076 3133 4159 series
3148 4099 3357 4151 rerum,

778 4182 899 4223 neae
953 4158 1064 4223 effe
1118 4157 1488 4245 velintffssoe.
1557 4177 1615 4226 1.
1654 4158 1770 4242 Offl
1812 4172 1866 4226 6.
1929 4182 1997 4223 ex

2143 4176 2246 4221 aut
2283 4163 2542 4220 connexio
2582 4159 2866 4219 verborum
2903 4186 2924 4218 .·
2967 4159 3077 4239 fid
3094 4176 3198 4239 pro
3233 4183 3363 4221 cen-

785 4241 1197 4307 consentaneis
1217 4285 1237 4315 ,
1259 4248 1323 4308 &
1344 4242 1847 4325 praecurrentibus
1871 4288 1889 4316 ‚
1938 4249 2002 4307 δε
2129 4239 2374 4321 ,Ιέκῖαι-ἰο
2399 4246 2511 4335 ‘vix
2571 4245 2785 4301 umitm·
2804 4269 2822 4301 .·
2866 4244 3226 4331 consequens
3256 4266 3364 4303 au·-

783 4324 1288 4412 repugnantibus,
1332 4345 1389 4392 2.
1410 4328 1473 4390 de
1491 4329 1656 4397 Orat.
1679 4345 1812 4410 170.
1861 4325 2010 4396 cum

2152 4342 2306 4394 tem,
2372 4340 2448 4390 c>
2483 4322 2904 4406 consequentia
2941 4366 2964 4394 ,
3023 4341 3147 4384 lum
3186 4369 3207 4398 ,
3256 4341 3366 4406 pro

2203 4404 2407 4471 Ddz

3224 4431 3355 4493 (011⁹,
